2560 3646
0 339 7 374 :wu-
0 170 13 332 vxwwnz-Ww
0 152 2 157 -

1205 379 1404 417 —587-

296 447 434 483 Eremitae
454 448 575 483 Dfienes.
599 451 633 484 V.
657 450 846 486 nonasterium
869 450 1050 484 Eremitarum
1071 447 1105 481 de
1125 447 1232 480 Duene.

297 500 421 545 'Epnvo'm
444 502 535 542 Ιιοῐοε,
559 505 632 537 513.

297 553 407 586 Erissus
429 556 549 588 medicus
569 561 598 589 et
617 557 790 600 Praepositus
812 555 967 588 monasterii
990 555 1021 586 S.
1049 551 1165 596 Sophiae
1196 552 1281 584 Bene·

341 606 410 638 venti
431 605 462 639 2.

300 657 482 691 Ermeeausus
501 659 628 692 diaeonus
649 662 678 691 et
696 659 816 691 notarius
836 657 986 701 cupersani
1005 658 1036 690 4.

302 707 450 741 Erminnus
470 709 594 750 dynastes
612 709 677 750 Styli
700 709 750 742 73.

301 759 450 802 Erolychus
471 762 570 793 Nierus
593 762 663 794 515.

299 812 469 854 Ἐσαηνίσια,
493 813 597 846 fabrilia
617 815 806 853 instrumenta,
819 814 931 846 rorasse
952 821 1000 856 pro
1023 808 1181 852 ἔξοπλῖσια,
1207 809 1278 842 ¹71.

301 864 413 897 Esseret
433 874 480 908 pro
501 869 573 898 esset
596 865 646 898 10.

305 913 555 956 Ησθαραμέταξα,
578 925 629 948 acu
649 915 730 958 picta,
757 915 826 948 130.

302 965 436 997 Eteriotes
457 976 485 998 ιι.
508 966 528 999 l.
551 967 578 999 in
598 976 664 1009 agro
685 967 793 999 Tarenti
815 966 867 1000 67.

300 1016 477 1049 Ethnicorum
497 1017 626 1056 incursio,
650 1013 741 1050 ἐθνῶν
764 1014 906 1059 ἔσιδρομῆ,
931 1016 982 1049 16.

300 1066 419 1099 Eudocia
441 1076 512 1100 uxor
533 1068 667 1100 Eustatliii
688 1067 837 1099 Maraviliae
858 1066 909 1098 6-1.
934 1066 969 1098 V.
992 1064 1093 1096 Helena
1113 1063 1249 1096 monialis.

302 1118 468 1152 Eudocimus
483 1119 581 1152 Comes
602 1119 690 1152 Cortis
709 1119 824 1150 restituit
846 1115 1005 1155 monasterio
1035 1114 1067 1148 S.
1098 1112 1173 1147 Petri
1195 1114 1281 1157 Impe-

341 1171 416 1204 rialis
436 1172 575 1214 praedium
598 1170 633 1202 ab
654 1171 713 1202 eius
734 1173 810 1211 patre
824 1167 981 1200 Cubuelisio
1001 1171 1163 1210 usurpatum
1185 1167 1238 1199 22.

299 1222 451 1265 Eulampus
471 1223 597 1255 Nieolaus
616 1226 644 1253 et
666 1230 735 1253 uxor
749 1220 826 1251 Anna
841 1219 959 1252 vendunt
971 1219 1129 1262 presbytero
1143 1219 1280 1262 Stephano

340 1272 477 1315 praedium
498 1273 525 1303 iu
545 1279 611 1312 agro
633 1270 756 1302 Badulati
777 1270 849 1302 438.

299 1323 465 1365 Euphemiae
486 1321 618 1361 (Ecclesia
639 1319 685 1362 S.)
707 1321 733 1351 in
753 1320 860 1351 civitate
881 1318 991 1351 Canusii
1015 1319 1066 1358 11,
1091 1319 1141 1357 14,
1165 1318 1216 1350 25.

296 1371 403 1414 Euplus
423 1370 479 1411 (S.)
499 1379 528 1402 ιι.
551 1370 572 1403 l.
594 1371 621 1402 in
642 1379 709 1412 agro
730 1369 824 1402 Nubae
847 1370 918 1409 187,
941 1369 999 1402 221
1012 1369 1148 1402 -ilivus
1169 1369 1199 1401 S.
1224 1369 1281 1401 Eu—

338 1423 385 1466 pli,
408 1423 475 1455 ibid.

298 1476 438 1518 Eupraxe,
461 1484 489 1508 ιι.
512 1474 532 1507 l.
556 1475 582 1507 in
604 1484 671 1517 agro
691 1453 825 1514 Behaliui,
847 1474 920 1508 342.

301 1528 442 1569 Eupraxia
463 1526 633 1568 (Theodorus
653 1527 686 1558 de
707 1527 836 1568 domina).
861 1527 896 1560 V.
919 1526 1060 1558 Satrianus
1081 1526 1253 1561 Theodorus.

298 1578 474 1621 Euptaeallae
494 1577 566 1611 tilius
586 1578 699 1620 Sergius
719 1582 741 1611 t.
763 1579 816 1611 48.

298 1631 432 1664 Eustatliii
453 1631 600 1672 presbyteri
621 1630 840 1663 filiusBasilius.
863 1630 961 1663 Meutio
981 1630 1128 1670 donationis
1141 1629 1177 1662 ab
1194 1638 1226 1662 eo
1241 1629 1281 1662 sa-

338 1686 398 1712 ctae
419 1682 582 1713 monasterio
602 1681 768 1722 (lyr-Zosimi
789 1682 859 1714 1¹88.

297 1732 439 1764 Eustatbio
459 1724 587 1773 (Basilius
607 1732 653 1774 de)
673 1733 794 1764 notarius
813 1733 886 1765 295.

297 1784 456 1816 Eustathius
477 1783 532 1826 (S.)
554 1785 580 1816 in
601 1794 669 1826 agro
689 1785 831 1817 Nieoterae
851 1785 925 1817 332.

296 1834 474 1866 Eustratbius
495 1835 616 1867 notarius
638 1838 665 1866 et
684 1839 822 1877 strategus
843 1835 963 1868 Cirolarii
985 1836 1037 1869 94.

296 1884 439 1917 Eho-'as
458 1884 582 1928 (Λάκιος
601 1887 678 1947 τῇ),
700 1890 798 1930 puteus
819 1888 934 1945 inopiae,
957 1897 987 1921 ιι.
1003 1888 1023 1922 l.
1040 1889 1068 1921 iu
1088 1896 1155 1932 agro
1170 1889 1281 1932 Episco-

338 1938 374 1979 pii
398 1937 468 1969 160.

298 1989 412 2028 Εξαλει
414 1999 501 2025 μασι-α
484 1986 523 2018 κὰ
538 1987 660 2027 «vach,
672 1988 742 2021 bona
756 1989 902 2023 immobilia
922 1999 939 2024 a
953 1991 1147 2034 vectigalibus
1139 1995 1279 2033 immunia,

339 2039 399 2071 534
420 2044 448 2070 et
468 2048 542 2081 seqq.

295 2087 488 2128 Ἐξαμκινέλια,
512 2090 604 2120 Vineae
624 2088 758 2129 desertae,
782 2090 858 2124 390.

296 2138 426 2170 Exarcho
446 2138 512 2179 (Leo
534 2139 577 2179 de)
602 2138 671 2173 ¹42.

298 2190 427 2231 Exceptio
450 2190 556 2231 triginta
578 2198 709 2222 annorum
730 2190 899 2229 412414.

297 2242 388 2278 Εξκοι
368 2251 432 2269 αισα
428 2239 478 2269 'w
501 2241 651 2271 monasterii
673 2241 704 2272 S.
729 2241 801 2272 Petri
824 2241 972 2283 Imperialis
994 2242 1026 2278 9.

298 2292 366 2328 Ἐξιι
369 2290 457 2327 ονί,σα
481 2290 645 2328 immunitas,
670 2291 720 2322 3³.

299 2324 434 2382 Exipolita
454 2341 611 2373 Theodorus
633 2345 652 2373 t.
679 2342 749 2374 166.

297 2390 412 2432 Exopilo
433 2391 584 2431 (Pascnalis
605 2397 749 2435 protopapa
769 2393 812 2435 de)
834 2397 855 2426 t.
880 2394 932 2428 90.

299 2441 420 2474 Exubita
441 2442 631 2474 Constantinus
652 2447 674 2475 t.
698 2444 771 2477 317.

298 2493 496 2533 'Ergavcia-evm
520 2495 558 2527 78
579 2500 606 2527 et
625 2495 1093 2531 alibi.-Baiu1us'202.—Petrus
1114 2500 1147 2531 de
1169 2499 1280 2533 Salerno

340 2542 518 2585 ἔξουσιαστὴς
540 2556 569 2578 se
591 2550 739 2589 strategum
760 2548 905 2582 subscribit
927 2550 1202 2593 331.-Strategus
1223 2553 1279 2586 Gu-

340 2596 447 2628 lielmus
467 2597 502 2629 de
524 2596 657 2629 Panormo
681 2603 790 2631 vocatur
810 2601 891 2632 etiam
914 2597 1088 2640 ἔξωσιαστὴε
1108 2603 1181 2636 414.

709 2695 867 2740 Feta·

299 2799 392 2831 Fabali
414 2798 575 2833 (Gulielmus
595 2801 640 2840 de)
663 2805 690 2832 et
710 2802 792 2833 irater
813 2802 871 2834 eius
892 2801 1026 2844 Rogerius
1046 2804 1145 2837 donant
1166 2806 1277 2838 Cavensi

339 2850 465 2882 coenobio
486 2854 676 2884 monasterium
697 2852 727 2884 S.
752 2853 886 2886 Michaelis
910 2854 960 2886 72.

297 2901 445 2933 Fabalibus
466 2901 624 2941 (Guilelmus
644 2903 689 2942 de)
702 2904 811 2945 adoptat
831 2906 858 2936 ιιι
872 2904 917 2938 filii
930 2905 1019 2939 locum
1035 2906 1184 2950 Philippum
1199 2909 1277 2942 Nico·

336 2956 373 2986 iai
394 2954 477 2986 silium
502 2954 572 2986 189,

297 3025 338 3033 ——-
360 3006 498 3041 (Nicolaus
520 3007 563 3047 de)
590 3007 656 3040 151,

1324 447 1445 480 Fabam
1466 448 1579 482 loannes
1600 453 1621 482 t.
1645 449 1705 483 389

1325 498 1441 531 Fabatza
1463 500 1618 533 Alexander
1639 506 1666 533 et
1678 502 1811 544 Rogo-rius
1827 506 1860 536 tt.
1872 501 1944 541 266,
1957 501 2031 541 269,
2049 501 2123 541 292,
2139 499 2212 540 309,
2229 498 2302 533 519.

1324 549 1435 582 Fabella
1456 549 1569 582 Constas
1592 561 1617 583 v.
1642 552 1712 583 559,

1325 601 1452 634 Fabellus
1473 602 1600 640 Basilius,
1624 602 1738 634 Ioannes
1759 607 1787 635 et
1807 604 1942 647 Georgius
1965 607 2034 639 141.

1325 653 1398 685 Facti
1420 655 1581 695 ignorantia,
1605 653 1710 693 φάκτου
1731 654 1844 696 dvala,
1867 658 1898 695 6,
1914 661 1942 690 et
1962 658 1988 690 in
2009 658 2203 691 omnibusiere
2217 667 2303 691 mem-

1364 705 1467 737 branis.

1324 756 1443 788 Faczeoli
1463 760 1553 798 eaput,
1579 765 1607 788 ιι.
1631 757 1650 789 Ι.
1675 758 1701 789 ιιι
1722 765 1788 799 agro
1810 757 1917 797 Troiae,
1941 759 1960 790 2

1323 809 1388 849 Fagi
1411 812 1529 840 castrum
1551 809 1622 840 304.

1323 859 1431 900 Pagone
1452 858 1648 899 (chumbertus
1669 859 1713 900 de)
1734 864 1756 892 t.
1781 860 1852 894 106.

1323 928 1365 933 —-
1385 910 1490 950 (Lenita
1510 910 1555 951 de)
1575 919 1637 942 cum
1658 910 1718 942 filiis
1738 910 1819 943 donat
1840 913 1999 944 monasterio
2021 912 2052 944 S.
2076 913 2178 946 Nicolai
2197 914 2229 946 de
2252 915 2303 947 Pe-

1365 962 1448 994 ratieo
1470 963 1652 1004 possessiones
1675 963 1701 993 in
1723 962 1781 995 loeo
1801 967 1952 1005 nuncupato
1972 964 2086 996 Mostaei
2108 965 2179 996 106.

1325 1010 1437 1050 Ocima
1459 1010 1576 1054 φοραδὰ,
1600 1013 1672 1045 fulva
1693 1022 1774 1055 equa,
1799 1013 1868 1046 194.

1323 1064 1446 1098 Falconis
1468 1065 1611 1097 Tranonsis
1625 1066 1747 1097 monachi
1762 1065 1833 1098 bona
1849 1067 1946 1099 tradita
1961 1066 2098 1099 casinensi
2112 1067 2239 1100 coenobio
2252 1068 2304 1100 20.

1323 1116 1420 1148 Faleus
1441 1116 1581 1158 presbyter
1602 1118 1666 1149 emit
1687 1127 1703 1149 a
1726 1118 1826 1151 Grosso
1847 1119 1985 1160 praedium
2002 1119 2027 1151 in
2042 1128 2111 1160 agre
2123 1118 2217 1151 Nohae
2234 1119 2304 1151 111.

1323 1185 1365 1190 -
1387 1166 1622 1209 Protospatharius
1645 1169 1693 1202 18.

1323 1235 1365 1240 —-
1387 1216 1535 1249 Biooardus
1556 1221 1577 1249 t.
1603 1218 1675 1251 125.
2017 1253 2019 1256 ,

1323 1287 1365 1292 -
1385 1269 1554 1301 Turmarcha
1575 1274 1602 1301 et
1623 1270 1798 1313 Episceptites
1824 1273 1935 1303 civitatis
1957 1273 2039 1304 Trani
2067 1274 2147 1305 tradit
2168 1271 2308 1305 casinensi

1364 1321 1494 1353 coenobio
1515 1321 1586 1353 bona
1606 1331 1675 1364 quae
1696 1323 1730 1354 ad
1750 1323 1898 1356 Maraldum
1918 1325 2045 1356 rebellem
2060 1324 2227 1367 pertinebant
2248 1325 2302 1358 20.

1324 1373 1464 1406 Falloeeus
1484 1374 1632 1406 Rieeardus
1652 1375 1763 1417 eiusque
1784 1384 1855 1407 uxor
1874 1376 1974 1408 donant
1994 1377 2132 1418 praedium
2146 1378 2307 1409 monasterie

1364 1423 1396 1456 S.
1420 1423 1553 1456 Theodori
1575 1424 1756 1458 Eremitarum
1777 1426 1849 1459 386.

1323 1474 1425 1506 Falluci
1447 1475 1548 1507 Ronea.
1573 1476 1607 1509 V.
1630 1476 1734 1509 Rouea.

1325 1527 1424 1569 Falpus
1445 1527 1592 1561 Gilibertus
1613 1532 1635 1560 t.
1661 1530 1732 1562 176.

1324 1579 1428 1611 Fanuel
1450 1578 1602 1612 tabularius
1622 1580 1769 1613 Albidonae
1792 1582 1864 1614 347.

1324 1633 1429 1665 Faracli
1449 1633 1564 1666 Ioannes
1584 1633 1738 1676 catapanus
1758 1635 1853 1667 Nohae
1873 1635 1946 1667 litem
1968 1636 2066 1669 dirimit
2080 1637 2150 1669 inter
2171 1636 2307 1670 Mabiliam

1364 1684 1446 1716 filiam
1467 1683 1600 1716 Pirrettae
1620 1688 1648 1716 et
1668 1684 1796 1718 Ioannem
1816 1685 1934 1718 Iudicem
1955 1686 2028 1720 241.

1323 1753 1365 1759 -
1385 1735 1458 1767 rivus
1478 1734 1505 1766 in
1527 1743 1593 1776 agro
1613 1734 1707 1766 Nobae
1732 1736 1781 1768 75.

1324 1787 1454 1818 Faraolus
1475 1786 1633 1818 Anastasius
1654 1790 1682 1819 et
1702 1787 1835 1829 Georgius
1855 1791 1888 1820 tt.
1912 1788 1984 1820 369.

1323 1855 1365 1861 -
1386 1838 1500 1870 loannes
1522 1838 1592 1870 368.

1323 1908 1365 1913 —
1385 1889 1513 1922 Nicolaus
1535 1893 1557 1921 t.
1581 1888 1652 1922 363.

1324 1940 1428 1972 Paratis
1449 1940 1617 1973 Theorianus
1637 1944 1658 1972 t.
1684 1941 1756 1972 520.

1325 1990 1458 2023 Farsallus
1480 1990 1673 2023 Constantinus
1693 1991 1764 2023 filius
1785 1991 1894 2024 Ioannis
1915 1994 1937 2026 t.
1960 1992 2031 2024 231.

1325 2042 1413 2073 Farini
1434 2043 1510 2073 vinea
1532 2041 1604 2073 307.

1324 2092 1477 2133 Farnagani
1499 2092 1653 2124 Gualterius
1674 2092 1745 2123 filius
1767 2092 1873 2123 loannis
1894 2092 1965 2125 378.

1324 2142 1452 2173 Fasanise
1473 2142 1592 2173 Marinus
1614 2142 1684 2173 silius
1706 2142 1811 2174 loannis
1831 2152 1972 2184 possessor
1993 2145 2094 2185 praedii
2107 2145 2133 2176 in
2148 2153 2215 2188 agro
2226 2145 2304 2178 Olet·

1366 2196 1408 2222 tae
1433 2193 1501 2223 151.

1325 2244 1344 2274 F
1347 2252 1409 2275 assa
1429 2244 1543 2275 loannes
1564 2244 1636 2276 428.

1324 2297 1495 2328 Fassiomeno
1517 2296 1672 2337 (Caloeyrus
1693 2296 1735 2337 de)
1759 2307 1783 2328 v.
1810 2297 1881 2329 557.

1324 2347 1464 2388 Fastegiae
1486 2347 1587 2378 Nicolai
1608 2348 1704 2378 domus
1724 2348 1751 2379 ιιι
1772 2348 1877 2380 civitate
1899 2347 2002 2380 Catacii
2023 2349 2098 2382 491.

1324 2397 1442 2429 Fasulus
1462 2397 1682 2429 Bartholomaeus
1703 2406 1839 2438 possessor
1855 2400 1946 2430 vineae
1967 2400 1994 2430 in
2009 2408 2075 2440 agro
2086 2398 2209 2432 Crotonis
2222 2399 2296 2432 372.

1324 2450 1434 2482 Fazalae
1455 2450 1590 2482 Robertae
1611 2451 1747 2492 praedium
1769 2451 1795 2482 in
1817 2460 1883 2489 agro
1905 2452 2006 2484 Burelli
2028 2452 2100 2487 417.

1323 2502 1410 2533 Fazali
1431 2502 1568 2543 praedium
1589 2502 1614 2533 in
1636 2511 1702 2543 agro
1723 2503 1806 2534 Asiae
1828 2503 1899 2535 433.

1323 2551 1418 2590 Φέὸον,
1442 2553 1564 2590 seudum,
1586 2553 1657 2584 529.

1322 2603 1433 2634 feliciae
1455 2604 1632 2635 molendinum
1653 2606 1679 2635 ιιι
1701 2613 1768 2645 agro
1791 2604 1903 2636 llos-sani
1926 2604 1998 2636 225.

1322 2656 1417 2687 Felleci
1429 2656 1559 2693 Ancusae,
1577 2659 1603 2687 et
1617 2655 1728 2687 nobem
1742 2658 1774 2688 de
1791 2657 1944 2698 vallelonga
1959 2657 2066 2690 tabulae
2075 2657 2207 2699 nuptiales
2224 2657 2296 2691 532.

1322 2708 1570 2747 Φελλοιιάλλιγοι,
1594 2708 1726 2750 crepidae,
1750 2710 1822 2741 487.

1321 2758 1428 2789 Felnieli
1450 2759 1585 2791 losl'redus
1607 2765 1634 2790 et
1655 2759 1806 2791 Guilelmus
1829 2764 1859 2791 tt.
1887 2761 1956 2792 14-1.

1321 2809 1398 2839 Fensi
1421 2810 1558 2850 praedium
1580 2812 1606 2840 in
1627 2818 1692 2850 agro
1715 2808 1813 2840 Cataoii
1836 2810 1908 2841 435.

1321 2859 1423 2891 Fensus
1445 2861 1478 2891 de
1500 2861 1652 2893 Garisinda.
1677 2861 1709 2892 V.
1735 2862 1887 2893 Carisiuda.

1320 2912 1405 2943 Ferae
1428 2917 1502 2943 terra
1523 2921 1601 2954 prope
1623 2913 1810 2954 Cupersanum
1834 2914 1863 2943 4.

1320 2965 1445 2996 Feraviva
1467 2973 1494 2995 n.
1519 2965 1537 2996 l.
1563 2974 1644 3006 prope
1666 2964 1794 2996 Ursulum
1820 2965 1888 2996 155.

1321 3016 1445 3046 Ferettus
1467 3015 1616 3047 Guilelmus
1639 3020 1659 3047 t.
1685 3015 1753 3047 121.
