2560 3646
1212 362 1344 397 -506
1361 382 1410 392 -.

1160 443 1456 498 cccxxxvl.

754 566 862 611 1331
879 566 1065 611 -llense
1094 565 1295 620 Septembri
1306 564 1508 606 -lndiet.
1542 561 1631 619 (XV)
1650 586 1704 595 —
1718 562 1875 605 Allistis.

609 682 740 718 loannes
764 682 932 730 Alpherius
954 689 982 717 et
1001 681 1069 718 *eius
1092 692 1180 717 uxor
1203 679 1340 715 vendunt
1364 677 1496 714 Nicolao
1519 677 1717 714 Lodumnimo
1742 676 1896 713 nonnulla
1919 675 2014 710 bona.

357 817 385 826 .,
398 816 646 829 .......
673 789 822 839 γυναικὸς
853 791 987 830 ἲωοίννου
1018 791 1085 830 τοῦ
1109 786 1281 838 αλΦερίου.

1380 812 1667 825 ........
1694 787 1810 823 uxoris
1834 786 1965 822 Ioannis
1979 782 2143 831 Alpherii.
2171 781 2309 829 Signum

305 846 412 897 σι’γνον
435 850 466 899 †
489 849 595 899 χειρὸς
618 849 750 887 ἷιυαννου
774 849 838 887 τοῦ
863 846 1037 899 εἶρειμένου
1056 850 1125 898 (Εν
1150 848 1282 890 ὀνόματι
1326 844 1357 893 †
1381 855 1496 881 manus
1511 843 1671 892 praedicti
1688 843 1891 879 Ioannis.1n
1908 842 2039 878 nomine
2056 839 2176 878 Patris,
2195 844 2228 874 et
2251 837 2308 873 Fi-

304 907 369 945 τοῦ
395 906 534 958 πατρὸς)
551 908 607 946 και
633 908 696 946 τοῦ
723 907 790 946 υἱοῦ
808 906 864 946 καὶ
880 907 947 945 τοῦ
964 906 1062 956 οἱγίου
1086 902 1279 950 πνεύματος.

303 961 534 1009 βασιλεύοντος
563 964 628 1003 τοῦ
652 963 814 1004 adesto-ov
846 967 935 1011 *mcliv
967 963 1070 1014 κυροῦ
1103 959 1282 1013 ῥομβε’ρτου

303 1022 383 1061 8203
415 1024 532 1074 χοίριτι
567 1024 764 1073 ἷερουσσιλὴμ
787 1026 800 1074 (
811 1024 867 1060 καὶ
902 1021 1050 1063 σικελίας
1082 1020 1203 1072 ρηγός)
1228 1018 1283 1056 καὶ

302 1081 539 1129 πριγκιποίτου
563 1076 713 1121 καποῦας
737 1078 945 1129 προβιντζῖοις
970 1076 1211 1129 φορκαλκερίου
1226 1075 1281 1113 καὶ

300 1134 491 1180 ’πεδιμόντος
514 1138 673 1180 κάιιητος.
699 1135 766 1172 τοῦ
790 1135 932 1185 κροίτους
955 1134 1089 1185 (αὐτοῦ
1112 1131 1174 1172 ἔτει
1201 1135 1284 1171 εἶκο-

299 1196 376 1231 στῶ
401 1189 555 1240 δευτέρω·
583 1190 630 1230 να)
654 1193 718 1241 μην
743 1189 943 1243 κυριεύοντος
959 1193 1048 1244 τοῦ)
1072 1189 1283 1234 &Sozoa-oceno

297 1247 457 1287 αὖθίντου
471 1249 562 1292 ’ἡμων
578 1248 678 1297 κυροῦ
696 1253 869 1295 φιλίππου
885 1249 948 1286 τοῦ
962 1251 1103 1298 λοῳιπροῖ
1113 1253 1164 1309 τῆ
1176 1248 1283 1293 μνήμη

296 1305 493 1355 ἱερουσαλημ
525 1303 580 1341 καὶ
612 1303 759 1347 σικελιάς
791 1305 887 1358 ῥηγός
918 1305 1043 1357 (υἱον,
1076 1292 1283 1355 ἀγακλυτοῦ

296 1362 476 1412 πρι’γκιπος
499 1361 679 1411 ταροίντου·
708 1363 870 1410 εὐτυχῶς.
897 1362 1011 1413 ἀμην.)
1036 1365 1088 1401 Ἐν
1112 1365 1162 1423 τῆ
1186 1361 1282 1412 χωροι

298 1420 452 1466 ἀλίτζων
475 1426 524 1481 τῆ
551 1423 579 1459 ἐν
601 1425 652 1489 τῆ
674 1418 886 1472 διακρατήσει
912 1406 1168 1465 καλλιπόλεως,
1193 1423 1216 1466 ἡ
1232 1435 1282 1459 σι-

296 1465 586 1530 γνοπροτοίξοισα’
574 1494 641 1528 εγω
662 1507 1276 1518 ................

295 1535 426 1581 νομίμου
460 1534 569 1585 ἀνδρὸς
606 1535 663 1574 καὶ
701 1537 968 1587 ἀντιστοίτορος,
994 1536 1038 1573 ord
1065 1537 1166 1585 παρὸν
1197 1550 1282 1586 πρα-

295 1594 408 1644 τηριον
433 1592 614 1632 πουυλικον
645 1591 810 1665 ἔγγραφον
843 1593 981 1645 ἒκ(ουσιὀι
1015 1610 1078 1637 μου
1110 1609 1158 1652 τη
1196 1594 1281 1643 γνω-

292 1668 341 1712 μη
365 1652 421 1689 καὶ
445 1650 682 1703 αὐτοπρῂαιρέ
675 1667 732 1691 τω
761 1652 927 1698 βουλήσει,
952 1652 1045 1694 ἐκτὸς
1069 1637 1189 1697 δόλου,
1222 1654 1278 1690 καὶ

293 1696 403 1756 ποίσης
416 1725 655 1757 κακομηχανου
666 1711 863 1783 προφαῖσεως
867 1739 1276 1749 ...........

374 1799 384 1807 .
417 1769 520 1810 ,ταῖς
536 1771 704 1813 ἀπατωμε
700 1765 770 1811 ’ναις
785 1767 908 1817 γυναιξι·
926 1769 1133 1813 βοηθουντας
1149 1769 1228 1819 πρὸς
1244 1784 1278 1806 σε

1327 903 1376 945 lii,
1395 909 1429 939 et
1446 903 1590 950 Spiritus
1614 902 1737 937 Sancti.
1765 902 1935 947 Regnante
1959 899 2091 935 domino
2108 902 2220 933 nostro
2235 906 2313 942 rege

1327 962 1475 997 Roberto
1491 960 1552 996 Dei
1570 960 1677 1007 gratia
1693 958 1906 994 Hierusalem
1932 965 1965 993 et
1983 958 2114 992 Siciliae
2140 967 2218 1002 rege
2235 980 2244 995 ‚
2275 958 2309 989 et

1325 1019 1528 1066 principatus
1545 1018 1692 1065 Capuae,
1712 1014 1919 1056 Provinciae,
1938 1014 2164 1061 Forcalquerii
2193 1024 2232 1048 ac
2248 1013 2310 1047 Pe-

1325 1087 1481 1124 dimontis
1504 1087 1637 1128 comite,
1662 1085 1754 1133 regni
1779 1085 1850 1120 eius
1873 1095 1958 1120 anno
1975 1083 2131 1118 vicesimo
2155 1081 2310 1121 secundo.

1325 1157 1515 1192 dominante
1532 1156 1634 1192 etiam
1650 1155 1886 1203 gloriosissimo
1902 1153 2039 1201 dynasta
2063 1157 2177 1187 nostro
2200 1149 2306 1188 domi-

1325 1234 1368 1257 no
1393 1222 1546 1270 Philippo
1569 1221 1708 1258 illustris
1731 1220 1910 1256 memoriae
1933 1218 2142 1255 Hierusalem
2166 1222 2200 1253 et
2224 1208 2309 1252 Sici-

1324 1288 1388 1324 liae
1411 1288 1511 1335 regis·
1532 1288 1625 1330 titio,
1651 1288 1776 1335 inclyto
1800 1286 1948 1334 principe
1972 1285 2119 1326 Tarenti,
2146 1283 2307 1324 feliciter,

1323 1368 1432 1393 amen.
1458 1358 1504 1393 In.
1521 1361 1611 1392 terra
1626 1355 1821 1391 Allistarum
1846 1355 1951 1403 posita
1967 1355 2003 1390 in
2019 1366 2101 1402 agro
2119 1352 2305 1401 Gallipolis.

1323 1427 1403 1474 Ego,
1420 1436 1505 1474 qnae
1520 1424 1650 1471 signum
1663 1429 1758 1460 antea
1773 1423 1911 1459 exaravi
1936 1447 2104 1459 .....
2123 1452 2125 1454 ,
2136 1446 2307 1457 .....

1326 1516 1496 1527 .....
1538 1490 1691 1538 legitimo
1730 1489 1805 1526 viro
1845 1493 1880 1525 et
1919 1485 2120 1525 mundualdo
2149 1498 2308 1535 praesens

1324 1558 1522 1596 venditionis
1550 1558 1722 1606 publicum
1753 1557 2010 1593 instrumentum
2029 1560 2207 1602 spontanea
2219 1565 2304 1592 ‚mea

1326 1627 1488 1664 sententia
1498 1633 1534 1663 et
1545 1627 1679 1676 propria
1691 1625 1938 1667 deliberatione,
1946 1625 2070 1672 absque
2082 1623 2171 1666 dolo,
2181 1628 2214 1658 et
2225 1633 2309 1670 quo-

1321 1696 1372 1731 vis
1388 1694 1475 1730 malo
1488 1699 1667 1742 praetextu
1671 1716 2043 1728 ..........
2062 1690 2081 1725 ’.
2111 1717 2121 1726 .
2153 1717 2162 1726 .
2193 1716 2202 1726 .
2212 1690 2308 1726 dece-

1321 1763 1386 1809 ptis
1410 1762 1606 1798 mulieribus
1629 1760 1842 1807 opitulantes;
1860 1759 1922 1795 tibi
1937 1759 2075 1795 Nicolao
2090 1758 2306 1794 Lochomimo

291 1828 443 1866 νικόλαον
458 1825 669 1878 λοχο(μι’μον)
674 1852 1493 1866 .....................
1524 1853 1534 1870 ,
1565 1851 1734 1862 .....
1738 1836 1741 1839 '
1767 1850 2299 1861 ..............

375 1915 384 1923 ,
414 1914 422 1923 .
440 1885 567 1924 ἐνώπιον
579 1886 737 1936 κυριακοῦ
754 1882 886 1937 ῥοόσσου
899 1882 962 1932 ἤδη
975 1884 1092 1936 κριτοῦ
1105 1885 1276 1923 καλλιπό-

290 1952 377 1986 λεως
381 1972 907 1983 ..............
932 1965 935 1968 ⁴
938 1972 1108 1982 .....
1120 1948 1183 1990 τῆς
1198 1947 1277 1995 εἰρη-

292 1998 383 2046 με’νης
405 2001 517 2051 χώρας
545 2004 699 2048 ἀλιτζων
717 2031 726 2047 ,
753 2003 848 2038 κατὰ
877 2000 933 2039 τὸν
957 2002 1105 2052 παρόντα
1137 2000 1276 2039 ἐνιαυτὸν

289 2057 328 2095 {rs
329 2057 462 2100 στωτος
466 2086 757 2098 ........
776 2057 964 2103 πουβλίκου
989 2059 1144 2108 νοταριόυ
1170 2057 1275 2104 αυτῆς

292 2116 380 2154 πολε
370 2132 450 2161 ⁶,ws
476 2116 531 2154 καὶ
556 2119 623 2155 τῶν
647 2131 788 2156 κατωτε
778 2115 837 2168 spat
862 2117 1132 2166 ὑπογραψαντων
1160 2115 1275 2167 χρησί-

290 2190 361 2218 μων
395 2172 511 2225 ἀνδρῶν
538 2203 826 2214 ........
861 2177 916 2211 καὶ
959 2204 967 2212 .
999 2204 1007 2212 .
1039 2202 1047 2210 .
1078 2203 1087 2212 .
1120 2173 1280 2225 πέπροικοί

290 2245 340 2269 σοι
364 2236 419 2286 τῷ
423 2261 591 2271 .....
611 2233 759 2272 γικολοίω
783 2240 974 2278 λοχομιμου
997 2246 1137 2282 νοτοιριω
1159 2229 1191 2270 δ.

298 2317 746 2328 ............
758 2292 762 2295 ’
777 2317 786 2326 .
803 2289 832 2332 ἒξ
855 2289 898 2327 ὧν
919 2292 965 2326 τὰ
989 2290 1042 2333 μὲν
1063 2287 1120 2328 δύο
1136 2289 1206 2327 εἰσιν
1221 2291 1276 2326 τῶ

294 2342 417 2383 δυσικῶ
434 2349 570 2391 λιμητιῖ·
588 2349 653 2390 τῆς
668 2345 744 2390 Ξμῆς
747 2374 1035 2385 ........
1052 2346 1206 2391 ἀμπέλου
1219 2345 1273 2383 καὶ

291 2403 335 2439 τὸ
364 2405 540 2442 ἒπΐλοιτον
570 2402 646 2441 εἴσω
674 2405 739 2442 τοῦ
768 2404 843 2449 ἐμοῦ
872 2403 1064 2454 χωραφιόυ,
1085 2407 1125 2446 εἷς
1141 2406 1204 2449 τὴν
1220 2401 1277 2449 δη-

293 2458 383 2506 λαδὴ
408 2459 532 2499 δικαίαν
558 2461 620 2504 τὴν
625 2490 913 2500 ........
942 2459 1154 2510 καρολλένους
1172 2465 1275 2512 ἀργυ-

294 2516 376 2565 ρίους
408 2519 468 2556 σἰιά
497 2515 553 2555 δύο
582 2519 646 2556 τοῦ
675 2518 788 2568 ταριόυ
820 2519 1040 2565 ψηφιζομέιου
1064 2518 1122 2560 ἑνὸς
1146 2518 1275 2556 ἐνώπιον

292 2578 360 2611 τῶν
390 2573 542 2627 ἀνωτέρω
573 2577 689 2626 κριτοῦ
718 2579 775 2614 καὶ
804 2576 955 2627 νοτοιριόυ
984 2604 1273 2615 ........

292 2634 499 2681 ὡμολόγησα
528 2633 657 2671 τούτου
673 2635 769 2686 χοίρϊν
785 2638 829 2677 ὡς
844 2637 894 2672 τὰ
911 2633 1050 2685 εἰργμένοι
1079 2634 1179 2685 ταρία
1196 2633 1276 2673 δέκα

293 2691 360 2727 τῶν
378 2688 583 2740 καρολλὲνων
587 2720 1272 2732 ..................

294 2816 352 2839 σου
370 2800 502 2842 τούτων
525 2806 568 2846 ὡς
586 2802 729 2842 εἴθισται
747 2833 1035 2844 ........
1064 2807 1277 2856 κληρονόμους

293 2859 367 2901 σοὺς
397 2861 450 2898 καὶ
479 2859 651 2909 διαδόχους
678 2866 792 2901 ποίντα
820 2868 880 2902 οσα
899 2867 926 2901 οἱ
945 2866 1029 2908 νόμοι
1047 2881 1101 2902 τοι
1105 2881 1119 2906 ς
1119 2866 1278 2931 Ιυοῖληὸοῖς

294 2913 327 2953 δε
315 2919 483 2965 (σπόταις
510 2919 675 2969 προίττειν
704 2918 794 2961 διακε
785 2918 945 2971 ςλευουσι)
962 2925 1005 2963 ὡς
1034 2924 1077 2959 τὸ
1095 2922 1192 2991 κῦρος
1221 2933 1275 2958 xor-¹

293 2976 355 3020 ‘rw
371 2974 506 3018 ἐξουσιου
522 2975 655 3015 τούτων
672 2980 749 3027 παρ’
762 2973 836 3023 ἐμοῦ
855 2980 1032 3027 εἰληφότος
1055 2993 1114 3017 σου
1138 2977 1212 3017 {vai
1207 2993 1275 3016 ντοι

1319 1908 1433 1932 coram
1450 1895 1591 1947 Cyriaco
1606 1896 1714 1931 Russo
1729 1895 1797 1930 iam
1813 1893 1920 1930 iudice
1937 1894 2108 1941 Gallipolis
2135 1919 2304 1929 .....

1322 1990 1331 2000 .
1346 1993 1349 1996 «
1363 1988 1852 2000 .............
1884 1963 2067 1998 antedictae
2096 1967 2203 1998 terrae
2246 1962 2305 1997 Al-

1319 2034 1478 2076 listarum,
1488 2033 1651 2080 praesenti
1667 2044 1754 2068 anno
1766 2033 1906 2068 instante
1910 2057 2160 2068 .......
2170 2029 2303 2079 publico

1318 2100 1446 2135 notario
1464 2099 1567 2147 ipsius
1592 2099 1745 2139 civitatis,
1764 2099 1867 2146 etqui
1883 2099 1969 2134 infra
1986 2111 2021 2135 se
2037 2099 2299 2146 subscripserunt

1320 2166 1432 2214 probis
1450 2166 1637 2202 hominibus
1664 2190 1953 2201 ........
1980 2172 2026 2201 et.
2057 2192 2066 2200 .
2098 2193 2106 2201 .
2139 2192 2148 2201 .
2166 2165 2298 2202 vendidi

1317 2234 1378 2270 tibi
1407 2259 1698 2270 ........
1725 2233 1862 2269 Nicolao
1878 2233 2093 2268 Lochomimo
2110 2233 2252 2268 notario.
2286 2260 2294 2268 .

1322 2323 2011 2336 ..................
2039 2311 2057 2333 e
2088 2299 2208 2346 quihus
2233 2298 2298 2333 duo

1319 2373 1396 2403 sunt
1411 2379 1515 2415 prope
1532 2366 1768 2402 occidentalem
1783 2365 1924 2401 limitem
1942 2377 2034 2400 meae
2054 2391 2300 2401 .......

1318 2437 1446 2477 vineae,
1466 2442 1500 2471 et
1516 2435 1686 2482 reliquum
1704 2435 1793 2469 intus
1823 2421 1963 2469 fundum
1990 2445 2101 2470 meum
2117 2434 2152 2469 in
2179 2435 2302 2471 iustum

1317 2510 1407 2540 certe
1436 2528 1730 2539 ........
1757 2502 1928 2537 carolenos
1945 2508 2114 2549 argenteos
2130 2530 2139 2545 ,
2157 2515 2302 2551 quorum

1317 2571 1383 2607 duo
1415 2582 1473 2619 prs
1505 2577 1619 2606 tareno
1647 2581 1712 2605 uno
1739 2576 1973 2617 computantur
1990 2596 1998 2611 ,
2047 2581 2158 2606 coram
2185 2582 2300 2618 supra·

1318 2640 1448 2687 scriptis
1463 2639 1571 2675 iudice
1600 2644 1634 2674 et
1663 2639 1791 2674 notario
1821 2664 2108 2674 ........
2136 2638 2300 2674 declaravi

1318 2710 1417 2760 huius
1432 2709 1482 2744 rei
1498 2709 1604 2755 gratia
1620 2708 1725 2743 dictos
1743 2713 1873 2743 tarenos
1889 2707 2003 2743 decem
2018 2707 2059 2742 de
2076 2707 2255 2743 carolenis.
2288 2734 2296 2743 .

1322 2801 2295 2817 .........................

1320 2847 1369 2882 tui
1385 2845 1520 2887 horum,
1540 2851 1577 2880 ut
1594 2845 1697 2880 moris
1712 2850 1761 2879 est
1770 2869 2060 2880 ........
2077 2844 2210 2880 heredes
2227 2851 2300 2880 tuos

1320 2921 1353 2950 et
1371 2924 1573 2950 successores
1602 2912 1763 2961 quidquid
1792 2913 1879 2960 leges
1911 2912 1999 2949 veris
2026 2911 2166 2948 dominis
2191 2914 2298 2949 facere

1320 2981 1529 3029 permittunt,
1550 2984 1664 3027 utpote
1681 2979 1740 3028 qui
1758 2979 2077 3017 horum·d0minium
2093 2985 2125 3015 et
2142 2979 2192 3016 ius
2209 2991 2227 3014 a
2246 2991 2298 3015 me
