2652 3762
386 396 472 426 xtnn

348 468 438 516 tur3
471 465 576 516 ipsas
604 468 731 505 antem
761 465 850 506 addi
881 476 954 508 non
985 467 1106 507 visum
1135 470 1196 508 est
1214 478 1385 518 ,prorsus
1414 469 1548 511 inutile
1566 501 1576 521 ,
1606 471 1797 522 siquidem
1827 462 2007 522 antiquae
2035 484 2219 524 graecum
2249 484 2340 515 cou-

345 531 490 568 textum
519 530 586 567 nut
605 537 679 567 non
701 529 883 580 lideliter,
905 532 970 570 aut
989 529 1156 569 obscure
1183 530 1413 581 reddebant,
1435 536 1473 570 et
1493 533 1639 574 idcirco
1659 534 1887 585 lectoribus,
1906 535 2050 584 quibus
2074 547 2205 578 sermo
2228 548 2339 588 grae·

345 599 413 629 cus
441 598 515 628 non
545 589 642 629 satis
671 594 778 630 esset
804 590 1021 641 familiaris,
1052 591 1112 631 vix
1140 591 1350 640 quidquam
1378 592 1604 641 profuturae
1631 596 1871 636 videbantur.

447 651 502 691 Ex
526 653 728 694 veteribus
757 658 884 693 autem
913 653 1043 693 latinis
1071 653 1314 694 versionibus
1342 654 1468 693 locum
1499 655 1748 705 insigniorem
1782 658 1872 697 illac
1903 658 2105 708 obtinent,
2139 670 2237 709 quas
2269 672 2336 710 pu-

341 713 458 755 steris
487 715 654 755 servavit
681 715 717 754 in
747 715 948 754 casinensi
976 715 1186 756 Tabulario
1216 715 1318 755 Petri
1349 714 1506 755 Diaconi
1536 716 1766 770 Regestum,
1796 720 1845 760 de
1872 730 1949 770 quo
1977 721 2158 800 proderit
2179 722 2332 772 audire,

340 789 439 827 quac
468 779 707 830 Kalepbalas
733 779 782 818 ad
811 789 882 819 nos
910 779 1088 830 scripsit:

445 853 462 880 «
487 840 555 881 Est
581 841 656 881 hoc
684 839 896 891 Regestum
925 842 1102 882 volumen
1131 840 1501 881 membranaceum
1492 852 1529 879 m
1548 841 1641 881 lolio
1661 842 1799 882 minori
1820 844 1920 884 inter
1938 845 2046 886 MSS.
2083 845 2247 885 Codices
2267 847 2335 886 Ar·

343 912 360 940 «
384 903 484 942 chivi
522 902 745 943 casinensis
781 904 975 953 signatum
1014 914 1174 943 numero
1211 902 1286 942 902
1323 903 1616 943 characteribus
1658 904 1948 954 longobardicis
1984 909 2212 953 minusculis
2246 919 2332 949 sae-

342 974 358 1001 «
382 963 458 1002 culi
487 963 568 1014 Xll,
597 967 732 1014 utpote
761 967 897 1015 procul
925 966 1044 1006 dubio
1072 965 1309 1014 exscriptum
1337 963 1412 1004 sub
1439 964 1565 1004 oculis
1592 964 1716 1015 ipsius
1755 967 1999 1020 collectoris;
2030 970 2069 1009 iu
2095 980 2173 1020 quo
2197 974 2331 1010 tamea

339 1036 355 1063 «
380 1035 453 1065 non
482 1037 628 1077 paucas
657 1030 792 1078 postea
821 1029 1060 1069 adiectiones
1089 1029 1329 1078 intulerunt,
1367 1028 1434 1077 qui
1464 1028 1618 1068 Petrum
1647 1028 1685 1068 in
1722 1029 1848 1070 officio
1891 1033 1984 1071 suut
2013 1033 2226 1074 subsecuti.
2258 1034 2331 1076 To-

339 1100 355 1128 «
379 1092 475 1141 tum,
506 1091 610 1140 quod
638 1091 850 1141 continent,
880 1101 993 1142 opus,
1016 1094 1057 1130 ut
1076 1091 1280 1140 ipsiusmet
1307 1089 1410 1129 Petri
1441 1090 1568 1130 verbis
1589 1090 1624 1129 in
1647 1091 1891 1131 praefatione
1909 1093 1958 1132 ad
1979 1087 2331 1148 seniorectum-Ca-

337 1163 354 1191 «
379 1153 573 1194 sinensem
594 1154 781 1193 Abbatem
811 1157 912 1204 utar,
935 1155 1119 1194 dividitur
1139 1154 1175 1193 in
1196 1164 1263 1194 sex
1282 1153 1527 1205 decisiones3
1552 1154 1588 1193 in
1611 1154 1832 1205 Privilegia,
1856 1155 1892 1195 in
1914 1155 2140 1208 Praecepta,
2161 1159 2199 1198 in
2218 1160 2331 1200 Obla-

336 1226 352 1252 «
377 1215 517 1266 tiones,
549 1215 586 1255 in
617 1215 802 1265 Libellos,
833 1216 871 1254 in
902 1215 1235 1266 Renuntiationes,
1257 1215 1294 1253 in
1316 1212 1582 1255 Sacramenta.
1607 1216 1816 1256 Exorditur
1843 1216 1995 1267 insigne
2020 1219 2095 1258 boc
2119 1219 2331 1261 casinense

335 1287 350 1314 «
384 1276 626 1316 Chartarium
655 1278 704 1316 ab
732 1277 847 1317 buius
877 1277 986 1316 Sacri
1021 1278 1205 1317 Coenobii
1245 1277 1470 1326 primordiis
1498 1287 1544 1316 ea
1577 1280 1725 1317 tautum
1762 1283 2007 1320 monumenta
2036 1281 2330 1339 complectens,

334 1351 351 1377 «
375 1340 476 1379 omni
506 1341 667 1380 veritate
696 1344 735 1379 et
761 1340 962 1390 diligentia
991 1342 1237 1392 exemplata,
1268 1351 1368 1390 quae
1397 1340 1569 1381 auctoris
1597 1344 1725 1382 aetate
1753 1343 1804 1382 ob
1833 1346 2062 1383 vetustatem
2095 1348 2330 1404 temporum-

331 1412 347 1438 «
370 1412 446 1451 qne
474 1402 644 1442 iacturas
673 1402 824 1441 ruinam
852 1402 1149 1452 proximumque
1179 1403 1373 1442 interitum
1403 1413 1474 1452 pro
1502 1406 1611 1443 certo
1640 1403 1931 1445 minitabantur.
1964 1405 2084 1446 Porro
2119 1408 2181 1447 liis
2209 1409 2330 1448 omni-

331 1475 347 1501 «
370 1463 442 1503 bus
471 1464 672 1515 exemplis,
695 1474 765 1504 seu
785 1465 1039 1515 apographis,
1062 1475 1177 1514 quam
1198 1465 1403 1504 maximam
1432 1464 1548 1504 fldem
1566 1469 1711 1515 augent
1730 1466 1941 1516 diplomata
1969 1478 2045 1507 non
2064 1479 2203 1520 pauca,
2224 1481 2326 1519 quae

330 1537 346 1564 «
370 1526 578 1567 hodiedum
606 1529 643 1567 in
673 1528 754 1567 suis
783 1528 1040 1577 originalibus
1069 1527 1305 1567 membranis
1334 1530 1576 1578 supersunt,
1614 1538 1792 1578 quaeque
1829 1539 1917 1568 cum
1944 1531 2132 1581 exemplis
2157 1542 2180 1571 a
2207 1532 2325 1572 Petro

284 1587 288 1592 ’
329 1602 344 1628 «
369 1591 407 1630 in
434 1601 505 1631 suo
536 1592 705 1641 Regesto
734 1592 904 1630 exaratis
933 1591 980 1629 ad
1011 1591 1179 1630 litteram
1210 1590 1456 1630 conveniunt.

432 1666 449 1693 «
475 1654 513 1693 ln
544 1654 713 1694 secunda
743 1658 872 1692 autem
902 1653 1017 1692 huius
1047 1653 1239 1691 Chartarii
1267 1653 1472 1702 divisione,
1494 1652 1557 1692 ubi
1586 1654 1767 1702 proponit
1787 1658 1992 1704 praecepta
2022 1655 2318 1706 imperato-rum,

327 1719 543 1769 «Regum,
579 1713 902 1767 caeterorumque
941 1717 1193 1767 Dynaslarum
1232 1717 1322 1755 huic
1359 1717 1556 1756 coenobio
1585 1727 1771 1756 concessa
1809 1727 1879 1766 pro
1911 1718 2051 1757 iuriam
2088 1729 2246 1758 suorum
2276 1730 2322 1758 ac

325 1797 340 1822 «
365 1783 658 1832 possessionum
688 1782 913 1830 securitate,
944 1781 1115 1830 prudens
1145 1780 1470 1819 Bibliotbeearius
1499 1780 1565 1818 illa
1592 1780 1708 1818 etiam
1736 1780 1906 1830 adiecit,
1940 1791 2040 1829 quae
2069 1782 2118 1821 ab
2155 1782 2319 1832 impera·

324 1859 338 1884 «
363 1846 513 1885 toribus
544 1844 776 1894 Byzantinis,
812 1845 972 1891 suisque
1002 1842 1239 1881 Officialibus
1268 1843 1356 1881 data
1392 1842 1592 1891 repperit,
1628 1842 1782 1890 quando
1816 1842 1889 1881 bae
1919 1843 2050 1882 ltaliae
2087 1835 2318 1885 Meridiona-

323 1923 335 1945 1«
363 1909 410 1948 lis
439 1907 676 1958 provinciae,
709 1906 862 1944 diversa
892 1905 1082 1944 bellorum
1104 1904 1161 1943 sie
1181 1904 1411 1953 disponente
1441 1904 1611 1954 fortuna,
1633 1905 1710 1944 illis
1732 1906 1931 1954 parebant.
1955 1906 2081 1946 Pauca
2107 1919 2199 1948 vero
2223 1909 2319 1950 baec

324 1986 334 2010 .‹
361 1976 464 2022 sunt,
495 1980 632 2020 nempe
661 1969 873 2019 sexdecim,
895 1972 938 2008 ut
957 1968 1049 2017 dixi,
1080 1979 1102 2006 a
1125 1967 1169 2006 iX
1199 1968 1358 2007 saeculo
1379 1967 1425 2006 ad
1447 1966 1528 2017 ΧΠ,
1558 1967 1701 2016 quibus
1732 1967 1926 2018 Byzantini
1956 1969 2135 2020 Augusti,
2165 1982 2317 2011 eorum·

322 2046 336 2072 a<
362 2044 437 2083 que
467 2032 620 2072 nomine
651 2029 975 2080 protospatharii,
999 2028 1155 2067 Patricii
1177 2031 1216 2067 et
1235 2028 1418 2077 Catapani
1440 2028 1658 2078 privilegia,
1681 2029 1912 2069 donationes
1934 2034 2167 2080 caeteraque
2186 2032 2318 2071 buius-

321 2111 335 2136 «
360 2098 463 2137 modi
493 2096 759 2136 concedebant
787 2095 868 2134 sive
897 2103 1010 2133 sacro
1039 2092 1130 2131 huic
1159 2091 1412 2141 Monasterio,
1435 2091 1516 2131 sive
1545 2091 1678 2140 Celtis,
1711 2092 1898 2132 Ecclesiis
1918 2097 1953 2132 el
1977 2094 2156 2143 Grangiis
2175 2095 2318 2134 abhoc

321 2173 335 2199 Ὶι(
360 2160 574 2208 Casinensi,
606 2159 709 2198 velut
735 2168 757 2197 a
787 2156 913 2206 capite
941 2155 1141 2204 membris,
1172 2155 1496 2205 dependentibus,
1518 2155 1605 2194 sitis
1625 2156 1661 2192 in
1684 2156 1893 2205 provinciis
1921 2157 2158 2197 Adriaticum
2188 2158 2314 2197 sinam

318 2234 333 2259 «
357 2220 658 2270 respicientibus
686 2230 707 2258 a
738 2218 834 2257 mari
864 2216 1160 2256 Tbermularum
1191 2216 1227 2255 in
1257 2216 1463 2256 'Frentanis
1492 2227 1615 2264 usque
1644 2216 1866 2256 Tarentum.

407 2275 435 2323 ἐ(
460 2285 635 2323 Attamen
666 2283 704 2322 in
733 2283 891 2321 latinum
921 2292 1031 2321 versa
1066 2282 1170 2320 dicto
1201 2281 1371 2329 liegesto
1399 2280 1511 2319 nobis
1541 2279 1677 2319 Petrus
1705 2291 1748 2318 ea
1780 2281 2035 2331 conservarit,
2061 2292 2133 2321 nec
2162 2291 2313 2322 eorum-

318 2359 333 2385 «
358 2347 444 2386 dem
475 2339 618 2395 graeca
646 2345 888 2393 autographa
918 2343 1152 2382 interimitis
1180 2341 1337 2380 Archivi
1371 2342 1527 2380 chartas
1557 2341 1727 2380 invenire
1758 2341 1967 2390 potuimus,
1998 2342 2031 2381 si
2060 2342 2136 2381 duo
2164 2346 2312 2382 tantum

315 2422 330 2448 «
355 2409 540 2459 excipias,
563 2418 662 2457 quae
683 2407 870 2457 bilinguia
899 2410 1002 2456 sunt,
1027 2406 1128 2446 idest
1148 2406 1255 2455 prius
1284 2415 1427 2454 graece
1456 2405 1617 2454 scripta,
1640 2404 1782 2452 quibus
1812 2409 1946 2454 postea
1976 2405 2195 2445 immediate
2223 2408 2312 2447 sub-

314 2484 329 2509 «
354 2471 529 2520 sequitur
558 2469 675 2509 latina
695 2470 838 2520 versio,
870 2479 970 2518 quae
1000 2468 1135 2507 eadem
1165 2478 1252 2506 cum
1283 2467 1348 2505 illa
1368 2470 1443 2516 cst,
1464 2477 1577 2515 quam
1608 2466 1644 2505 iu
1671 2467 1826 2506 laudato
1857 2466 2024 2515 liegesto
2053 2468 2232 2516 legimus.
2255 2468 2310 2507 Ex

314 2544 328 2570 ε(
353 2542 429 2581 quo
450 2532 540 2570 mibi
564 2531 783 2580 persuadeo
813 2531 1023 2580 plerosque
1043 2529 1198 2568 illorum
1221 2527 1456 2578 Principum,
1478 2528 1537 2568 vel
1560 2527 1703 2567 Ducum
1726 2529 1761 2567 in
1783 2538 1927 2567 morem
1952 2528 2136 2568 babuisse
2157 2534 2309 2569 vertere

312 2608 327 2632 l(
352 2596 388 2633 in
421 2595 578 2633 latinam
609 2604 742 2633 eorum
773 2593 925 2642 publiea
947 2595 1031 2630 ncta
1053 2601 1209 2639 graeca,
1233 2600 1332 2638 quae
1361 2590 1516 2629 italicas
1541 2600 1730 2639 personas
1755 2589 2008 2638 respicerent,
2031 2590 2079 2628 ad
2097 2590 2170 2629 boe
2189 2594 2230 2629 at
2251 2601 2310 2630 re-

313 2668 326 2694 x<
351 2655 450 2695 clius
470 2656 518 2693 ab
539 2656 623 2694 istis
644 2655 968 2702 intelligerentur.
989 2652 1095 2691 Unde
1117 2653 1252 2701 procul
1273 2652 1389 2690 dubio
1410 2653 1590 2701 manavit,
1608 2651 1711 2700 quod
1732 2650 1937 2690 hodiedum
1958 2651 2171 2691 invenimus
2191 2652 2307 2692 buius

310 2732 323 2756 v<
349 2720 504 2767 generis
532 2720 749 2767 scripturas
779 2718 814 2756 in
845 2717 1068 2755 membrana
1088 2745 1098 2765 ,
1138 2726 1237 2764 quae
1266 2716 1435 2765 diploma
1465 2715 1622 2764 aliquod
1654 2715 1688 2754 in
1719 2726 1792 2754 una
1822 2715 1974 2764 pagella
2004 2715 2072 2753 tibi
2101 2716 2303 2767 exhibeat,

310 2796 324 2820 ἰ
350 2782 455 2832 prius
484 2793 640 2831 graece,
672 2785 807 2830 postea
839 2780 956 2819 latine
984 2779 1187 2829 seriptum.
1220 2779 1326 2823 Quae
1355 2780 1482 2818 omnia
1513 2779 1600 2817 ideo
1639 2778 1689 2816 ita
1726 2777 1910 2826 exposui,
1945 2780 1987 2815 ut
2018 2778 2142 2817 onuiis
2179 2779 2305 2826 suspi-

309 2856 324 2882 «
349 2844 472 2884 cionis
502 2855 633 2883 ansam
664 2843 724 2883 bis
755 2842 1008 2892 praecidam,
1048 2841 1113 2890 qui
1148 2841 1250 2880 ultro
1279 2844 1440 2890 possent
1477 2839 1632 2879 Petrum
1671 2842 1844 2878 nostrum
1883 2837 2184 2877 barbarissimac
2222 2839 2305 2878 illa·

307 2918 322 2944 «
347 2916 430 2944 rum
460 2906 649 2945 versionis
678 2910 876 2944 auctorem
908 2903 1151 2953 praedicare.
1183 2903 1264 2947 Qua
1295 2902 1396 2941 enim
1426 2901 1577 2942 ratione
1607 2901 1758 2949 Petrus,
1788 2899 1908 2949 quiin
1939 2900 2105 2939 cacteris
2133 2900 2215 2939 suis
2246 2900 2302 2939 lu-

305 2980 321 3007 «
345 2968 641 3008 eubralionibus
670 2968 903 3016 castigatum
924 2971 962 3006 et
982 2977 1100 3016 saepe
1123 2977 1196 3006 non
1219 2967 1477 3014 inelegantem
1497 2975 1540 3004 se
1562 2963 1740 3014 praebuit
1769 2962 2016 3013 scriptorem,
2044 2962 2080 3001 in
2105 2962 2164 3002 his
2185 2972 2302 3013 porro

306 3042 321 3069 α
345 3030 588 3071 versionibus
617 3030 875 3079 ignorantiam
906 3032 1021 3078 atque
1049 3028 1271 3069 barbariem
1301 3027 1536 3068 affectaret?
1559 3038 1575 3065 >›
