2652 3762
446 325 504 353 xlv

499 395 552 433 Ex
581 394 936 444 obiurgationibus,
967 395 1107 443 quihus
1135 397 1328 441 tamquam
1357 392 1546 432 censoriis
1574 393 1674 432 notis
1702 393 1914 442 scriptores
1949 393 2063 442 longe
2096 396 2266 444 gentium
2296 406 2367 436 nos

394 458 604 496 inurendos
633 461 828 507 putarunt,
860 467 932 496 non
962 457 1115 495 omnino
1144 456 1265 494 retent
1294 466 1411 505 posse
1440 456 1589 495 videtur
1607 467 1667 506 ea,
1690 469 1764 506 qua
1785 457 1989 496 edixerunt
2015 458 2183 498 maiores
2212 465 2367 501 nostros

398 520 436 557 in
466 518 658 557 veteribus
687 519 943 557 monumentis
971 516 1222 555 aestimandis
1250 521 1406 556 secutos
1435 528 1523 557 csse
1550 519 1739 558 rationem
1767 519 2074 567 causidicorum,
2105 519 2170 566 qui
2198 529 2243 558 ea
2271 522 2366 560 dun-

394 584 498 619 taxat
524 581 652 629 magni
681 580 826 620 iaciunt
852 583 891 618 et
916 583 1234 630 commentantur,
1256 591 1355 630 qnae
1374 591 1579 621 causarum
1597 583 1646 620 ab
1666 581 1761 630 ipsis
1786 584 2022 632 agendarum
2051 582 2265 621 defensioni
2295 585 2370 623 sui·

389 645 604 693 fragentur.
637 645 683 684 Et
709 655 752 684 re
779 654 872 683 sane
899 654 989 683 vera
1009 643 1043 682 si
1062 654 1244 693 graecum
1271 646 1428 694 aliquod
1455 646 1726 685 documentum
1756 647 1876 685 nostri
1905 646 2118 695 scriptores
2146 645 2182 684 in
2204 646 2286 684 suis
2312 646 2373 684 lu-

389 706 680 745 cubrationibus
707 715 777 755 per
803 708 980 744 anteacta
1009 706 1166 745 saccula
1193 707 1418 755 attulerunt,
1448 708 1524 744 'non
1553 706 1627 744 alia
1657 710 1782 745 mente
1802 708 1876 746 hoc
1905 705 2140 757 factitarunt,
2168 706 2243 746 nisi
2264 709 2304 745 ut
2323 716 2370 745 cx

389 767 473 807 eius
499 767 729 806 auctoritate
756 767 812 806 rei
842 768 1008 817 cuipiam
1036 769 1239 819 peculiari,
1269 769 1318 808 de
1345 780 1420 817 qua
1449 769 1707 817 disserebant,
1739 769 1835 808 [ides
1863 774 2175 819 compararetur.'

492 830 569 869 Nec
596 830 721 869 solum
750 829 1014 880 Neapolitanis
1042 831 1313 881 scriptoribuS,
1344 831 1413 870 sed
1441 831 1557 869 etiam
1586 829 1727 869 Siculis
1747 830 1784 868 id
1805 831 1924 869 moris
1952 831 2034 870 init.
2064 831 2158 870 Nam
2187 831 2367 871 Bocchus

392 892 574 942 Pyrrhus,
605 891 765 932 loannes
793 894 842 932 de
871 894 1024 944 loanne,
1046 898 1099 945 et,
1120 905 1168 934 ne
1195 895 1435 934 recentiores
1463 894 1604 933 missos
1631 894 1831 943 faciamus,
1862 894 2012 933 Morsus
2031 898 2070 934 et
2097 895 2363 946 Mortillarius,

386 953 558 1002 quamvis
579 957 635 993 tot
654 957 864 995 vetustiora
892 967 1034 1005 graeca
1062 959 1306 995 monumenta
1335 956 1430 995 satis
1459 956 1655 1005 explorata
1676 959 1714 994 et
1734 965 1854 1004 prope
1874 956 1911 993 in
1931 961 2130 996 numerato
2158 958 2362 1007 haberent,

385 1018 512 1054 tamen
541 1015 602 1055 vix
629 1027 674 1056 ea
703 1027 825 1067 pauca
854 1018 1072 1067 ediderunt,
1102 1018 1243 1066 quihus
1271 1027 1382 1056 suum
1411 1018 1575 1066 quisque
1603 1022 1872 1066 argumentum
1900 1017 2024 1056 fulciri
2048 1046 2058 1066 ‚
2094 1022 2160 1058 aut
2191 1019 2361 1058 luculen-

384 1075 460 1115 tius
487 1087 679 1126 apparere
706 1079 951 1118 existimavit.
983 1078 1130 1118 Nudius
1157 1079 1296 1117 tertius
1324 1090 1370 1118 cx
1404 1079 1684 1117 Pauor-mitanis
1722 1079 1820 1128 typis
1857 1079 2000 1127 prodiit
2034 1079 2220 1119 Graecum
2248 1081 2364 1120 Char-

382 1138 522 1177 tarium
550 1140 832 1189 concinnatum,
863 1141 1101 1188 ditatumque
1127 1141 1254 1179 italica
1285 1141 1460 1179 versione
1476 1144 1515 1179 et
1533 1141 1846 1179 adnotationibus
1865 1151 1886 1178 a
1908 1141 2071 1190 losepho
2093 1140 2234 1190 Spada.
2258 1142 2296 1181 ln
2317 1153 2365 1183 eo

379 1203 507 1238 tanlen
528 1200 654 1240 editae
669 1206 758 1240 sunt
774 1202 831 1240 vix
847 1203 1014 1251 quinque
1034 1207 1072 1241 et
1090 1203 1345 1252 quadraginta
1362 1214 1529 1252 graecae
1545 1203 1807 1252 membranae,
1820 1203 1996 1241 nimirum
2009 1214 2093 1253 eae,
2108 1214 2204 1252 quas
2216 1206 2365 1245 sollerti

382 1261 611 1310 eruditeque
638 1262 837 1301 collectori
867 1264 1008 1302 obtulit
1037 1263 1197 1311 Regium
1226 1264 1431 1303 Archivum
1462 1264 1784 1303 l’anormitanum.
1808 1264 1899 1302 Cum
1920 1274 2010 1304 vero
2032 1265 2068 1303 in
2090 1265 2250 1315 reliquis
2279 1267 2364 1306 eius

380 1321 531 1362 insulae
561 1323 760 1363 tabulariis
790 1325 927 1374 procul
956 1326 1075 1364 dubio
1105 1326 1336 1364 delitescant
1368 1326 1443 1364 alia
1471 1326 1754 1375 quamplurima
1784 1326 2011 1365 Graecitatis
2049 1326 2202 1366 Siculae
2230 1339 2361 1367 monu-

378 1391 530 1437 menta,
562 1388 762 1428 Chartario
791 1389 865 1428 iam
895 1390 998 1428 edito
1027 1389 1170 1428 sactum
1198 1390 1294 1428 satis
1322 1391 1490 1429 nondum
1519 1394 1580 1429 cst
1607 1393 1663 1429 tot
1697 1390 1859 1429 cruditis
1887 1389 2125 1438 reliquorum
2152 1391 2361 1431 editionem

376 1448 653 1499 flagitantibus.

479 1512 638 1562 Neapoli
666 1523 757 1553 vcro
784 1514 943 1554 saeculo
971 1514 1146 1564 proxime
1175 1515 1385 1564 praeterito
1415 1524 1489 1552 non
1518 1513 1661 1561 deluit,
1690 1514 1754 1563 qni
1785 1514 1988 1553 eonsilium
2017 1514 2167 1553 iniverit
2201 1525 2362 1564 graeca-

376 1572 483 1613 nicas
511 1575 765 1624 undequaque
792 1577 1039 1616 membranas
1067 1577 1242 1625 eruendi,
1273 1581 1312 1615 et
1339 1587 1424 1614 enm
1455 1576 1572 1614 latina
1602 1577 1918 1625 interpretatione
1938 1578 1974 1616 in
1996 1578 2120 1617 lucem
2144 1578 2358 1617 emittendi.

375 1632 460 1673 Fuit
478 1635 512 1674 is
532 1636 710 1679 videlicet
737 1636 936 1676 Paschalis
965 1637 1118 1687 Bai'iius,
1150 1637 1289 1686 pagina
1318 1638 1490 1687 proxime
1511 1637 1701 1686 superiori
1722 1649 1743 1676 a
1764 1639 1876 1682 nobis
1895 1639 2089 1689 laudatus,
2112 1639 2177 1687 qui
2199 1643 2361 1687 rogante

371 1694 554 1735 Coenobii
581 1697 761 1737 Cavensis
787 1698 973 1738 Praesule
1000 1709 1118 1748 grave
1145 1700 1352 1738 admodum
1381 1699 1499 1738 subiit
1526 1709 1624 1738 onus
1653 1699 1930 1748 interpretandi
1950 1711 2114 1749 graecas
2142 1701 2355 1750 chartulas,

370 1769 470 1807 quae
504 1760 540 1799 in
569 1762 743 1801 eiusdem
771 1763 1045 1803 Benedictinae
1074 1764 1298 1803 Sodalitatis
1336 1764 1478 1813 pluteis
1514 1764 1738 1812 sepositae,
1775 1764 1916 1801 iamdiu
1935 1792 1945 1812 ‚
1976 1765 2044 1802 sed
2073 1764 2215 1803 frustra
2245 1765 2360 1804 inter-

368 1826 518 1870 pretem
546 1822 875 1863 desideraverant.
906 1825 946 1862 id
974 1825 1146 1863 muneris
1174 1829 1331 1864 strenue
1359 1825 1641 1872 diligenterque
1662 1825 1868 1862 obeuntem
1897 1824 2159 1863 vehementior
2178 1825 2360 1864 incende-

368 1883 434 1923 hat
462 1885 654 1934 cupiditas
681 1886 848 1925 obeundi
876 1886 1047 1925 muneris
1075 1887 1190 1935 longe
1217 1885 1421 1934 gravioris,
1453 1886 1602 1924 scilicet
1629 1886 1857 1924 contexendi
1878 1885 2096 1934 edendiqne
2115 1886 2360 1926 Chartarium

370 1943 557 1986 Graecum
577 1947 689 1998 eopia
707 1949 1018 1988 membranarum
1035 1951 1176 1997 quanta
1196 1947 1360 1986 maxima
1380 1947 1669 1996 locupletatum.
1685 1948 1733 1986 At
1747 1948 1987 1998 inauspicato
2007 1959 2106 1988 annio
2119 1949 2361 1988 MDCCXCiX

369 2007 630 2048 saevientibus
663 2019 794 2048 rerum
821 2009 990 2049 civilium
1017 2009 1236 2049 turbinibus
1265 2009 1449 2057 egregius
1478 2009 1539 2047 bic
1568 2009 1797 2048 Graecitatis
1825 2014 1982 2049 nostrae
2006 2011 2144 2050 vindex
2162 2014 2201 2050 et
2228 2011 2358 2060 expla-

367 2075 480 2112 nator
506 2074 649 2113 acerho
676 2074 802 2114 elatus
820 2077 882 2114 est
899 2074 1048 2125 sunere,
1070 2083 1195 2123 eoque
1215 2074 1446 2123 interempto
1466 2083 1557 2124 spes
1576 2074 1719 2114 occidit
1738 2073 1943 2123 chartarii,
1966 2073 2068 2122 quod
2088 2073 2261 2123 impense
2281 2083 2359 2113 om-

367 2145 435 2174 nes
462 2135 738 2185 deposcebant.

1276 2262 1475 2319 VIII.

468 2460 606 2500 Nostra
636 2470 755 2510 porro
783 2465 909 2501 aetate
938 2472 1023 2501 cum
1053 2461 1249 2501 Gallorum
1278 2462 1384 2500 acies
1413 2462 1527 2509 longe
1556 2461 1711 2508 lateque
1746 2459 1925 2498 victrices
1958 2456 2212 2506 neapolitanis
2239 2456 2351 2495 ditio-

363 2520 478 2560 nibus
506 2522 651 2571 potitae
678 2521 847 2572 fuerunt,
878 2527 916 2562 et
944 2524 1044 2562 inter
1072 2532 1168 2563 nova
1197 2534 1320 2572 eaque
1347 2523 1447 2561 bene
1475 2524 1594 2562 multa
1623 2523 1671 2561 ab
1692 2521 1787 2571 ipsis
1815 2522 1974 2560 advecta
2003 2520 2176 2559 instituta
2205 2520 2351 2568 prodiit

362 2583 437 2622 hoc
467 2588 641 2624 nostrum
669 2585 806 2634 ingens
834 2586 1097 2634 'l‘almlm-ium,
1128 2586 1165 2624 in
1194 2586 1296 2634 quod
1326 2586 1479 2634 publiea
1508 2595 1620 2624 omne
1650 2594 1772 2633 genus
1801 2587 1886 2622 acta
1915 2585 2255 2631 convectarentur,
2286 2581 2348 2619 de-

362 2647 512 2696 positae
539 2647 626 2686 heic
653 2646 762 2686 suere
781 2648 895 2687 simul
915 2658 1002 2687 cum
1022 2648 1152 2687 latinis
1181 2648 1467 2696 copiosioribus
1496 2646 1753 2685 monumentis
1779 2644 2030 2694 graecanicae
2057 2643 2205 2691 aliquot
2234 2652 2349 2680 mem-

361 2707 520 2758 branae,
542 2720 642 2758 quae
660 2710 863 2758 superiore
891 2711 1049 2749 saeculo
1069 2720 1117 2749 ex
1136 2710 1325 2749 coenobio
1355 2709 1578 2748 Calabrensi
1607 2710 1679 2748 sub
1708 2708 1818 2746 titulo
1847 2706 1888 2745 S.
1911 2705 2094 2754 Stephani
2116 2706 2163 2743 de
2185 2703 2350 2742 Nemore

363 2769 560 2820 Neapolim
589 2771 741 2811 fuerant
767 2771 949 2821 delatae,
980 2776 1022 2810 ut
1048 2782 1182 2811 earum
1210 2771 1464 2811 incolumitati
1493 2770 1762 2810 consuleretur
1789 2768 1976 2807 adversus
2004 2766 2175 2816 pericula
2206 2766 2349 2814 impen-

361 2916 433 2951 tem,
456 2913 634 2952 univ-amque
654 2916 953 2954 promptitudinem,
977 2924 1020 2946 an
1042 2916 1241 2956 stimulat-em
1263 2923 1374 2948 curam
1390 2920 1420 2947 et
1440 2915 1629 2947 incredibile
1650 2915 1831 2946 litterarum
1851 2914 2067 2945 iuvandarum
2090 2913 2277 2943 studiumin
2291 2912 2348 2942 iliu

360 2965 584 2997 concinnando
606 2967 709 3006 muyis
731 2967 874 2998 admirer
896 2971 926 2998 et
945 2967 1146 3007 praedicem.
1166 2977 1180 2998 n
