2652 3762
1288 343 1459 378 ...2ss-

371 410 397 453 ’ἐν
420 416 560 464 κίστρον
583 414 636 450 τῶ
661 410 761 462 ἑτέρω
786 410 924 462 naha-pm
947 407 1115 449 ἔπιδώτω.
1135 407 1212 460 ὑπὲρ
1234 407 1265 448 δὲ
1283 412 1352 448 τῶν

371 474 437 512 ἀπὸ
461 472 542 517 ξένης
565 471 661 522 mapa!
682 487 777 510 τινων
800 473 868 509 τῶν
893 473 1070 520 οἰκητόρων
1082 467 1281 521 βακαρίτζας
1296 469 1349 506 καὶ

370 527 521 580 τρωοίδος
545 531 583 571 εἷς
607 527 704 566 αὐτὸν
728 526 874 572 νέμεσθαι
899 528 1024 572 κτηῶν
1046 523 1326 577 συγχωρουμένων
1340 554 1350 570 ‚

371 589 455 638 τρεῖς
466 585 576 637 μοίρας
593 585 636 624 τὸ
650 582 727 636 ὑπὲρ
751 584 861 622 αὐτῶν
871 586 972 632 λόγω
987 583 1161 634 νομίστρου
1176 588 1352 620 καταναλ-

370 647 501 688 λόμενον
524 647 591 683 ἀπὸ
607 647 671 688 ’τῆς
693 642 826 693 στ’μερον
848 639 965 693 ἅμερα,-
987 639 1135 691 γενέσθαι
1150 638 1348 685 εὐδοκοῦμεν.

371 705 441 741 τῶν
465 699 522 740 δύο
537 698 589 746 μὲν
611 700 646 738 ἔκ
661 696 795 739 τούτων
816 695 964 750 μεριδων.
981 713 1053 742 τοις
1069 694 1275 751 τρωοιδίταις
1285 711 1353 735 πα.-

369 759 556 812 ρεχομένων.
575 759 641 801 τῆς
655 755 773 809 τρίτης
796 755 827 797 δὲ
841 754 974 810 μέρίδος.
987 759 1059 800 τοῖς
1073 755 1353 807 βακαριτζιώταις

368 815 675 871 παραχωρουμένης.
694 814 820 864 μηδενὸς
842 820 953 857 ἀυτῶν
975 818 1110 865 ’ἔχοντος
1132 812 1238 853 ἄδειαν
1251 810 1352 851 πλέον

368 879 439 916 τῶν
455 874 603 925 εὐλόγως
618 877 698 927 παρ’
713 878 804 921 ’ἱμῶν
818 872 1063 914 τυπωθέντων.
1081 872 1124 911 τὸ
1140 875 1196 911 οἷον
1202 872 1254 909 οῦν
1277 872 1353 908 ἀνα-

368 934 611 980 λαμβάνεσθαι.
627 934 682 972 καὶ
707 932 790 984 πρὸς
801 941 966 971 arcannm
988 933 1057 969 τῶν
1071 929 1348 978 ἐντυγχανόντων.

367 997 553 1039 ἀσφαλειαν
575 990 610 1033 δὲ
633 995 703 1032 τῶν
726 988 926 1043 arpo-»affirm
941 991 995 1029 καὶ
1011 988 1298 1040 βακαρυτζιωτῶν
1308 985 1352 1023 ‘ro'

367 1051 469 1103 παρὸν
491 1053 660 1103 ἔγγραφον
683 1047 826 1095 ἐξετέθη.
845 1047 900 1085 καὶ
918 1050 966 1093 τῆ
990 1043 1044 1084 διὰ
1065 1041 1236 1090 μολύβδου
1257 1043 1353 1089 συνή-

366 1114 418 1147 321
443 1115 575 1154 υουλλη
596 1105 769 1146 πιστωθὲν
791 1106 905 1147 αὐτοῖς
929 1100 1164 1150 ἐπεδόθημην)
1190 1099 1352 1141 ιουνίωίν-

367 1164 539 1208 δικτιῶνος
553 1162 713 1215 δευτέροις.
732 1161 825 1204 ἔτους
840 1167 967 1215 ‘4ng&

412 1229 443 1278 †
460 1240 522 1276 ego
536 1227 700 1264 Johannes
716 1225 755 1260 de
771 1224 917 1260 alfarana
934 1222 1166 1271 protospatarii
1182 1227 1299 1258 testor.

412 1287 443 1336 †
458 1299 520 1335 ego
534 1285 698 1321 Bisantius
722 1282 868 1332 ejusdem
885 1281 1114 1330 protospatarii
1139 1287 1249 1317 custos
1264 1281 1351 1329 ejus-

367 1346 442 1382 dem
458 1345 601 1391 civitatis
616 1342 765 1380 interfui.

416 1405 446 1453 †
463 1417 524 1453 ego
539 1405 593 1440 leo
616 1403 656 1439 de
671 1401 819 1439 maralda
842 1401 973 1437 baiulus
997 1400 1123 1436 domini
1134 1399 1351 1447 Imperatoris

370 1477 443 1500 sum
459 1464 563 1500 testis.

416 1524 446 1572 †
464 1537 525 1572 ego
541 1523 717 1570 stephanus
732 1520 901 1558 cartularii
920 1526 1044 1556 matere
1060 1518 1151 1556 testis
1165 1531 1251 1556 sum.

415 1581 445 1629 †
460 1593 521 1628 ego
535 1579 701 1616 maraldus
717 1579 856 1626 dapiferi
870 1577 1039 1626 provincie
1054 1589 1107 1613 me
1124 1577 1310 1624 subscripsi.

1394 414 1472 449 fines
1488 414 1687 451 habitatores
1703 413 1819 451 Troiae
1832 413 2041 450 dominentur
2061 425 2166 463 usque
2187 414 2228 451 ad
2243 416 2279 451 S.
2299 416 2367 451 Au·-

1392 496 1533 537 gustam:
1553 492 1607 528 sed
1619 505 1637 528 a
1650 493 1814 540 praedicta
1826 477 1960 528 eeclesia
1973 503 2079 540 usque
2093 493 2134 528 ad
2146 493 2302 530 terminos
2318 494 2368 530 Si·-

1392 567 1483 614 ponti
1496 567 1692 606 habitatores
1706 570 1822 606 Troiae
1833 575 1867 606 et
1877 569 2081 607 Vaccaritiae
2092 582 2298 606 communem
2311 582 2368 618 pa·

1393 644 1501 680 scendi
1513 645 1666 682 animalia
1679 647 1819 684 habeant
1830 648 1939 684 locum
1949 674 1959 690 ,
1976 648 2022 684 ita
2036 648 2124 696 quod
2140 660 2202 684 nee
2214 649 2369 684 vaccari-

1393 722 1510 758 tienses
1522 722 1685 765 Troianis,
1699 735 1760 759 nec
1772 725 1903 761 Troiani
1914 726 2208 763 vaccaritiensibus
2224 725 2370 762 herbati-

1393 815 1470 839 cum
1481 803 1536 840 vel
1548 803 1626 839 dent
1639 803 1692 840 vel
1705 804 1876 852 accipiant;
1885 811 1919 842 et
1929 806 1970 842 de
1981 807 2072 843 omni
2082 806 2250 843 herbatico
2257 810 2372 843 extra·

1393 891 1530 916 neorum
1538 906 1548 922 ,
1575 880 1695 928 quibus
1717 879 1871 916 animalia
1895 894 2027 929 pascere
2050 882 2172 919 ibidem
2186 881 2321 919 Troiani
2335 887 2369 918 et

1392 960 1650 996 Vaccaritienses
1666 959 1897 1001 concesserint,
1905 973 1924 996 a
1936 962 2100 1012 praesenti
2114 962 2167 999 die
2178 967 2246 999 tres
2259 967 2369 1011 partes

1392 1036 1466 1072 fieri
1480 1036 1645 1077 volumus,
1664 1048 1808 1085 quarum
1821 1035 1903 1072 duas
1918 1037 2052 1072 Troiani
2067 1037 2239 1085 accipiant.
2253 1044 2287 1074 et
2302 1043 2370 1074 ter-

1386 1113 1437 1164 tia
1452 1114 1748 1151 Vaecaritiensibus
1762 1113 1874 1156 cedat,
1890 1118 1925 1150 et
1940 1125 2038 1149 nemo
2053 1113 2172 1150 audeat
2190 1114 2370 1163 qiiicquain

1391 1195 1524 1245 exigere
1546 1196 1635 1232 ultra
1659 1207 1760 1244 quam
1782 1208 1803 1232 a
1827 1195 1921 1232 nobis
1935 1194 2021 1232 iuste
2044 1194 2226 1232 stabilitum
2241 1201 2305 1231 est.
2330 1196 2372 1232 Et

1391 1276 1433 1311 ad
1447 1275 1548 1312 fidem
1563 1275 1742 1324 legentium
1766 1279 1800 1312 et
1816 1274 1858 1310 ad
1873 1266 2082 1311 securitatem
2096 1274 2313 1311 Troianorum
2335 1279 2369 1310 et

1391 1355 1682 1392 Vaccaritiensium
1712 1354 1793 1390 haec
1815 1354 1965 1390 chartula
1997 1347 2154 1395 condita.
2185 1359 2219 1390 et
2242 1359 2372 1389 assueto

1391 1436 1545 1484 plumbeo
1560 1440 1674 1471 nostro
1688 1434 1796 1482 sigillo
1811 1434 1952 1475 munita,
1971 1434 2037 1470 illis
2052 1431 2172 1470 tradita
2188 1433 2264 1476 fuit,
2279 1444 2374 1471 meu-

1392 1530 1426 1554 se
1441 1517 1547 1559 iunio,
1560 1516 1738 1553 indictione
1754 1517 1800 1559 11,
1819 1528 1908 1553 anno
1923 1515 2035 1551 6527.

447 1649 502 1691 (Ex
516 1649 659 1682 paschalis
669 1648 745 1681 Baffii
759 1648 864 1681 Graeco
878 1646 1031 1689 apographo
1045 1650 1073 1678 et
1085 1646 1168 1678 latina
1182 1646 1398 1689 interpretatione
1412 1646 1440 1678 iu
1453 1646 1549 1678 maiori
1563 1645 1737 1688 Neapolitana
1749 1644 1914 1679 Bibliotheca
1927 1645 2098 1686 adservatis.)

1309 1763 1423 1816 xix.

871 1858 942 1915 (10
950 1859 1019 1914 21)
1034 1859 1217 1902 —Mense
1237 1859 1339 1902 Iunio
1351 1884 1403 1891 —
1413 1858 1544 1901 Indict.
1567 1858 1613 1900 lv
1629 1883 1673 1891 -
1689 1858 1814 1901 Trani.

419 1950 516 1985 Falco
548 1951 575 1985 T
575 1950 742 1985 armai-cha
764 1956 791 1984 et
816 1948 1017 1997 Episceptites
1041 1948 1176 1992 civitatis
1199 1948 1228 1983 T
1225 1948 1300 1983 rani
1314 1947 1439 1982 nomine
1455 1947 1574 1983 Basilii
1586 1947 1738 1994 Buyyaai
1758 1946 1916 1994 Catapani
1930 1946 2044 1982 Italiae
2060 1945 2160 1982 tradit
2181 1945 2328 1982 coenobio

667 2011 831 2048 Casinensi
854 2010 962 2046 omnia
986 2011 1079 2052 bona,
1103 2018 1184 2058 quae
1206 2011 1250 2047 ad
1274 2009 1462 2045 Maraldum
1492 2009 1678 2045 Tranensem
1701 2009 1840 2046 rebellem
1857 2008 2067 2057 pertinebant.
2113 2049 2116 2052 Δ

417 2124 614 2168 Preceptum
628 2120 719 2156 Falci
737 2114 924 2156 turmarche
948 2120 988 2156 de
1005 2119 1103 2156 terris
1117 2119 1152 2155 in
1171 2125 1265 2155 trane
1280 2123 1351 2154 ate-

370 2180 465 2215 nulfo
481 2180 604 2216 abhati.
624 2179 674 2214 Ex
691 2184 846 2226 precepto
860 2178 968 2226 basilji
983 2178 1228 2225 protospatarii.

419 2241 456 2274 In
474 2239 606 2274 nomine
622 2237 747 2273 domiui
763 2237 1033 2285 quinquagesimo
1053 2237 1170 2272 octabo
1185 2250 1271 2273 anno
1284 2238 1352 2286 J'm-

370 2296 454 2344 perii
478 2296 590 2332 domni
614 2296 711 2344 basilj
736 2302 769 2331 et
785 2295 896 2331 domni
921 2294 1118 2330 constantini
1143 2295 1352 2332 sanctissimis

368 2352 625 2402 jmperatoribus
655 2353 789 2389 nostris.
817 2353 927 2387 Mense
940 2352 1035 2399 junio
1060 2358 1178 2399 quarta
1200 2352 1353 2388 indictio—

371 2423 428 2445 ne.
447 2410 590 2457 Ideoque
616 2421 677 2456 ego
694 2409 794 2445 falcus
811 2409 1012 2444 turmarcha.
1040 2415 1072 2444 et
1097 2409 1284 2458 episkeptjtj
1310 2421 1352 2444 ex

371 2468 502 2505 civitate
519 2475 622 2504 trane.
641 2468 735 2504 Clare
753 2468 835 2503 facio
852 2467 929 2515 quia
946 2467 1058 2502 domni
1074 2467 1167 2515 basilj
1190 2468 1351 2518 imperialj

372 2525 683 2573 protospatharii.et
700 2531 858 2572 catepano
870 2524 962 2573 jtalic
980 2525 1038 2572 qui
1055 2531 1087 2560 et
1104 2524 1258 2572 bugyano
1273 2525 1354 2561 dici-

375 2590 442 2619 tur.
451 2583 658 2619 demandavit
669 2583 752 2619 mihi
765 2589 801 2618 ut
813 2582 926 2618 darem
934 2585 972 2631 jn
983 2583 1054 2629 ipso
1067 2589 1178 2619 sancto
1190 2591 1354 2622 monaste-

374 2642 426 2678 rio
441 2643 535 2689 cujus
552 2642 747 2678 vocabulum
763 2648 812 2678 cst
828 2648 959 2677 sanctus
974 2641 1168 2678 Benedictus
1187 2643 1228 2679 de
1243 2651 1354 2681 monte

374 2698 496 2735 casino.
518 2699 571 2733 cui
587 2699 732 2745 regimen
754 2705 866 2734 tenere
883 2697 1014 2734 videtur
1037 2698 1178 2735 domnus
1193 2701 1355 2737 atenolfus

375 2756 478 2801 gratia
495 2754 546 2790 dei
563 2755 660 2791 abbas
684 2768 781 2791 omne
798 2756 895 2791 rebus
912 2756 1026 2792 stabile
1050 2768 1115 2804 que
1132 2752 1203 2793 suit
1215 2759 1355 2795 maraldi

374 2813 602 2849 rebellatorem
619 2813 737 2849 falconi
749 2814 902 2850 monachi
917 2826 960 2849 ex
973 2814 1117 2861 predicta
1127 2815 1262 2852 civitate
1274 2829 1354 2864 quas

375 2873 405 2907 ei
422 2872 580 2919 pertinuit
596 2886 613 2907 a
630 2873 814 2919 supradicto
831 2873 972 2920 genitori
989 2874 1059 2921 ejus
1085 2880 1118 2910 ct
1135 2887 1196 2922 pro
1213 2875 1282 2923 ipsa
1298 2888 1355 2923 ge-

375 2929 489 2966 nitrice
507 2931 589 2977 ejus.
610 2937 678 2966 tam
702 2930 741 2966 de
760 2931 847 2966 intus
872 2931 1003 2967 civitate
1031 2937 1123 2968 trane
1140 2945 1239 2980 quam
1263 2933 1353 2970 etde

1394 2120 1481 2155 foras
1505 2118 1620 2154 eadem
1644 2118 1776 2155 civitate
1801 2129 1859 2154 seu
1880 2117 2095 2166 ubicumque.
2122 2117 2214 2154 Unde
2235 2129 2300 2166 >ego
2314 2119 2371 2166 qui

1393 2189 1492 2224 supra
1498 2177 1601 2214 salcus
1611 2170 1802 2214 turmarcha
1813 2176 1992 2212 secundum
2002 2177 2246 2224 preceptionem
2253 2177 2293 2213 de
2305 2177 2375 2225 ipso

1393 2235 1514 2271 domno
1530 2242 1687 2283 catepano
1702 2235 1825 2271 seniori
1836 2240 1950 2271 nostro
1965 2247 2024 2282 per
2037 2235 2099 2271 hoe
2111 2235 2270 2283 scriptum
2281 2248 2377 2283 para-

1394 2295 1500 2330 dosin.
1518 2294 1594 2330 dedi
1609 2300 1709 2342 atque
1724 2293 1858 2330 tradidi.
1876 2295 1949 2329 viee
1971 2293 2010 2328 de
2023 2295 2092 2341 jam
2108 2293 2196 2329 dicto
2210 2300 2374 2331 monaste-

1396 2352 1459 2388 rio.
1467 2352 1520 2388 Ad
1536 2351 1673 2388 andreas
1686 2352 1865 2393 monachus
1878 2363 1921 2387 ex
1935 2351 2083 2398 predicto
2095 2357 2207 2387 saneto
2222 2352 2380 2388 cenovio..

1395 2421 1526 2445 omnem
1541 2409 1723 2445 hereditate
1739 2409 1853 2445 stavile
1866 2420 1950 2456 quae
1963 2408 2026 2453 suit
2038 2420 2136 2455 supra
2148 2407 2227 2444 dicti
2237 2408 2376 2444 maraldi

1396 2478 1477 2513 quas
1492 2468 1523 2515 ej
1539 2466 1700 2513 pertinuit
1715 2478 1734 2501 a
1747 2466 1933 2513 supradicto
1948 2465 2102 2513 genitori.
2121 2471 2228 2513 et-'per
2239 2467 2308 2513 ipsa
2321 2477 2378 2513 ge-

1396 2525 1514 2562 nitrice
1531 2526 1690 2573 ejus.tam
1705 2525 1794 2561 intus
1811 2524 1944 2560 civitate
1959 2530 2053 2560 trane
2069 2535 2170 2571 quam
2184 2530 2217 2559 et
2233 2524 2274 2560 de
2292 2525 2379 2560 foras

1396 2583 1512 2619 eadem
1526 2583 1672 2619 civitate.
1691 2594 1750 2618 seu
1774 2582 1974 2630 ubicumque
1998 2593 2074 2617 cum
2087 2582 2207 2617 trasitis
2231 2587 2265 2618 'et
2281 2582 2379 2618 exitis

1397 2643 1476 2678 suis.
1492 2648 1524 2678 et
1537 2653 1613 2677 eum
1625 2641 1734 2676 omnia
1748 2641 1834 2677 infra
1847 2652 1881 2676 se
1893 2639 2089 2676 habentibus
2105 2639 2188 2675 sieut
2201 2638 2378 2675 illud-mihi

1397 2701 1555 2749 disposuit
1571 2707 1669 2749 atque
1693 2700 1898 2736 demandavit
1923 2699 1992 2746 ipse
2012 2698 2133 2733 domno
2156 2704 2313 2746 catepano
2329 2709 2379 2732 se.-

1398 2759 1483 2794 niori
1499 2764 1624 2794 nostro.
1644 2758 1755 2799 Quam.
1766 2756 1828 2793 hac
1844 2756 2004 2803 scriptum
2019 2755 2203 2792 traditionis
2218 2755 2252 2790 in
2264 2766 2379 2801 supra-

1397 2816 1483 2851 dicta
1499 2815 1625 2850 ratione
1638 2814 1721 2861 jussi
1735 2814 1879 2850 scribere
1895 2813 1956 2848 tihi
1971 2812 2067 2848 disilo
2082 2812 2218 2847 diacono
2237 2818 2270 2847 et
2285 2818 2379 2846 nota-

1399 2874 1463 2910 rio.
1482 2874 1569 2909 Actu
1585 2885 1695 2908 mense
1711 2878 1744 2908 et
1759 2871 1934 2907 indictione
1956 2869 2232 2917 supranominata.
2258 2868 2378 2904 Falcou

1398 2932 1456 2982 qui
1471 2942 1569 2977 supra
1586 2928 1786 2964 turmarcha.

1471 2988 1535 3029 (Ex
1548 2987 1618 3029 Reg.
1635 2986 1708 3019 Petri
1723 2985 1909 3018 Diam—Fal.
1927 2985 1998 3017 LXV
2013 2994 2102 3022 verso,
2118 2993 2147 3015 n.
2167 2983 2255 3019 139.)
