2606 3730
1158 381 1334 415 ...79—

252 456 369 495 intimo
383 458 491 496 cordis
505 458 652 507 diligitis.
666 461 700 493 et
715 456 829 495 oratisz
851 457 975 501 quanto
991 450 1093 497 magis
1109 449 1143 485 in
1160 449 1225 484 illis

253 526 337 563 quos
351 516 476 552 vidistis
488 523 586 565 atque
601 513 806 562 cognoscitis.
822 523 936 558 pacem
952 507 1098 556 proximi
1113 507 1227 542 obser-

254 572 352 608 vatis.
379 572 554 621 imperium
567 583 677 608 meum
689 569 826 604 debebat
837 567 872 602 in
885 567 947 602 hac
963 564 1126 614 praesenti
1143 569 1228 599 esta-

255 634 288 666 te
303 629 496 667 descendere
512 631 596 678 apud
612 628 819 664 durachium.
845 625 886 661 ad
903 624 1078 660 videndum
1093 622 1228 658 comites

256 687 313 736 qui
330 687 365 723 iu
379 687 584 736 laggobardia
600 692 688 722 sunt.
712 690 745 719 et
769 689 898 731 pactum
923 694 1042 730 ponere
1067 693 1143 715 cum
1167 680 1226 714 eis.

256 745 298 782 de
314 746 365 783 his
379 758 463 795 quae
479 745 676 791 scripserunt
693 742 832 790 imperio
847 754 921 778 meo
941 748 1039 788 atque
1058 739 1230 775 mandave-

257 816 307 840 re.
326 804 387 853 ipsi
404 815 485 840 vero
507 808 605 850 atque
631 801 771 838 romani.
791 801 847 835 sed
866 800 981 836 accidit
997 799 1134 847 imperio
1159 810 1232 833 meo

256 862 430 901 infirmitas
453 860 612 897 maxima.
641 861 765 896 Idcirco
788 860 1018 908 prolongatum
1042 863 1091 894 est
1119 863 1231 904 aptum

259 924 400 968 tempus.
418 918 507 965 etad
522 930 676 968 praesens
699 917 822 954 dimisit
845 916 1038 953 descende-re
1063 914 1148 964 apud
1172 913 1234 949 du-

1266 447 1428 484 rachium.
1447 447 1480 483 Si
1498 448 1623 484 dederit
1635 449 1714 484 deus
1726 450 1981 487 incolomitatem
1998 452 2138 499 imperio
2152 465 2240 495 meo:

1268 505 1327 541 ibit
1343 506 1377 541 in
1393 507 1459 541 alio
1476 512 1635 553 tempore.
1651 507 1685 541 in
1698 507 1858 554 principio
1872 511 2015 546 aestatis,
2034 511 2095 546 deo
2112 523 2246 559 prospe·-¹

1268 571 1375 600 rante.
1393 565 1454 600 Sed
1472 571 1580 600 tamen
1597 578 1656 602 vos
1671 572 1762 602 orate
1778 566 1916 613 imperio
1932 580 2019 603 meo.
2045 576 2078 606 ct
2099 571 2178 607 deus
2194 571 2245 606 ‹li-

1270 624 1435 669 spensahit
1452 625 1539 670 quod
1557 625 1741 671 proficuum
1765 630 1815 660 est
1840 626 1978 672 imperio
1994 640 2080 664 meo.
2099 643 2136 665 ac
2154 631 2247 666 vobis

1271 682 1433 716 omnibus.
1452 683 1567 716 Missae
1583 691 1659 719 sunt
1675 685 1767 721 vobis
1782 698 1877 720 causa
1895 688 2070 723 memoriae
2086 690 2128 723 ab
2145 690 2248 736 impe—

1273 739 1322 773 rio
1347 751 1421 774 meo
1445 739 1527 773 libre
1551 747 1626 775 octo
1649 742 1828 777 solidorum
1846 744 2108 780 michalatorum.
2128 752 2160 781 et
2179 747 2250 793 pal-

1273 797 1353 832 lium
1378 797 1656 833 triacontasimum
1680 812 1777 846 super
1801 802 1904 836 altare
1928 810 2056 840 vestrae
2073 805 2247 841 ecclesiae.

1274 856 1370 891 Missa
1388 861 1437 890 est
1453 856 1565 890 Mense
1577 856 1685 904 junio.
1701 858 1879 906 jndictione
1895 861 2009 907 quinta
2033 874 2052 898 a
2075 863 2251 900 constanti-

1275 913 1400 961 nopoli.

1367 994 1433 1036 (Ex
1448 994 1517 1036 Reg.
1535 994 1610 1047 Petri
1623 994 1699 1027 Diae.
1712 994 1823 1028 —Fot
1838 995 1939 1028 van
1953 1007 2041 1037 verso,
2058 999 2105 1032 η..
2121 1001 2188 1033 148.
2204 1004 2214 1044 )

1192 1085 1334 1162 tm

864 1227 1075 1284 (1097)-
1085 1228 1205 1270 Hense
1225 1211 1381 1279 Augusto
1397 1248 1450 1257 —
1463 1226 1593 1269 Indict.
1613 1227 1654 1269 V.

263 1343 393 1379 Alexim
418 1341 593 1388 Imperator
615 1341 726 1376 laudat
749 1341 889 1376 abbatem
916 1341 1113 1377 Gasinensem
1134 1353 1172 1376 ac
1196 1340 1332 1387 reliquos
1356 1338 1540 1378 coenobitas,
1562 1344 1590 1373 et
1610 1337 1825 1384 precationes,
1854 1339 1968 1384 quibus
1993 1340 2169 1386 sospitatem
2193 1340 2259 1375 eius

851 1412 873 1435 a
898 1401 965 1435 Deo
989 1401 1145 1447 flagitant,
1170 1400 1229 1436 sibi
1251 1405 1416 1445 pergratas
1439 1408 1499 1432 esse
1522 1395 1676 1432 declarat.

312 1501 456 1549 Epistola
469 1501 613 1538 eiusdem
628 1501 851 1550 imperatoris.
863 1499 904 1537 ad
919 1499 1059 1536 eundem
1074 1500 1239 1536 abbatem.

315 1559 356 1595 Et
379 1558 423 1594 ab
446 1559 598 1596 omnibus
621 1559 679 1607 qui
702 1558 743 1594 de
767 1558 847 1606 ipsis
867 1557 1014 1604 partibus
1030 1556 1167 1592 veniunt
1183 1568 1242 1591 no-

266 1614 386 1652 bilibus
408 1628 447 1651 ac
470 1615 666 1653 virilissimis
680 1615 853 1651 comitibus
874 1621 973 1662 atque
989 1613 1126 1649 ducibus
1141 1612 1244 1648 immo

267 1679 300 1709 et
324 1673 365 1708 ab
388 1673 467 1720 ipsis
490 1672 688 1709 honorandis
710 1672 930 1720 praesulibus;
957 1671 1172 1706 certificatum
1195 1675 1244 1705 est

270 1731 444 1778 imperium
467 1742 578 1767 meum
601 1743 695 1767 serve
716 1731 769 1766 dei
786 1731 969 1779 propinque
994 1728 1243 1777 prudentissime

269 1800 308 1822 ac
333 1788 565 1836 sapientfssime
589 1790 688 1825 abbas
711 1789 750 1824 de
775 1795 886 1824 monte
910 1789 1035 1827 casiam
1061 1787 1101 1821 de
1127 1786 1245 1821 vestris

274 1845 422 1881 maximis
446 1845 635 1882 virtutibus.
662 1847 703 1882 Et
728 1846 869 1894 qualiter
901 1856 1030 1891 semper
1061 1843 1246 1878 indesinen-

273 1908 323 1938 ter
346 1915 429 1950 opus
451 1903 551 1940 babes
573 1905 702 1952 operari
718 1905 825 1940 omnia
843 1915 927 1952 quae
951 1903 1014 1938 deo
1037 1902 1245 1950 acceptabilia

274 1967 362 1997 sunt.
396 1967 430 1998 et
452 1974 517 1998 uon
542 1963 647 1998 solum
670 1969 777 1998 vester
800 1961 892 1997 labor
917 1961 990 1997 talis
1012 1966 1087 2000 est;
1119 1960 1174 1995 sed
1198 1960 1248 1995 di-

275 2018 430 2065 sciplinae
454 2026 553 2067 atque
568 2020 815 2055 ammonitiones
829 2025 957 2054 vestrae
979 2018 1066 2053 cirea
1089 2029 1144 2053 eos
1167 2018 1249 2053 tales

276 2081 351 2110 sunt
369 2087 377 2114 ς
409 2076 622 2122 acceptabiles
645 2077 707 2112 deo
728 2083 762 2112 et
785 2076 932 2111 homines
955 2076 1190 2111 illuminantes.
1217 2081 1249 2109 et

276 2133 426 2180 quamvis
466 2134 599 2168 minime
637 2140 671 2170 te
704 2134 886 2182 specialiter
917 2133 1043 2182 aspexit
1074 2133 1250 2180 imperium

1283 1503 1362 1537 tem;
1390 1496 1483 1544 quasi
1507 1508 1566 1533 vos
1590 1495 1732 1543 propriis
1746 1495 1851 1531 oculis
1866 1496 2044 1542 aspexisset
2068 1497 2199 1532 cotidie.
2229 1505 2261 1534 et

1284 1556 1474 1602 loqueretur
1498 1554 1668 1590 vobiscum
1691 1554 1863 1591 indinnite.
1889 1555 1931 1590 Et
1947 1555 2019 1591 vult
2043 1556 2197 1602 quatinus
2221 1557 2263 1592 ad

1284 1613 1477 1649 memoriam
1501 1613 1572 1648 eius
1596 1613 1725 1648 veniam
1749 1624 1826 1648 cum
1849 1619 1974 1649 vestras
2008 1620 2134 1650 sanetas
2164 1620 2264 1662 atque

1285 1672 1486 1708 venerabiles
1510 1671 1673 1707 orationes
1698 1671 1833 1707 funditis
1856 1672 1897 1707 ad
1921 1672 2031 1708 deum.
2059 1675 2100 1708 Et
2125 1686 2183 1721 per
2208 1686 2264 1710 ve-

1284 1735 1367 1765 stras
1392 1729 1596 1764 honorabiles
1620 1729 1732 1764 literas
1755 1729 1863 1776 sepius
1885 1730 2016 1765 scribite
2041 1731 2133 1767 nobis
2156 1731 2264 1767 decla-

1286 1791 1394 1821 rantes
1417 1786 1457 1820 de
1483 1786 1600 1821 vestris
1623 1786 1749 1821 actibus
1780 1793 1814 1822 et
1842 1787 1882 1821 dc
1912 1787 1962 1822 his
1991 1789 2048 1835 qui
2078 1789 2138 1823 sub
2168 1789 2262 1824 vobis

1285 1850 1361 1880 sunt
1384 1851 1482 1892 atque
1506 1845 1546 1879 de
1571 1845 1648 1891 ipsis
1664 1846 1826 1892 partibus.
1845 1847 1893 1880 De
1911 1846 1961 1881 his
1985 1853 2095 1883 autem
2119 1860 2203 1896 quaa
2221 1848 2260 1883 de

1287 1902 1466 1949 peregrinis
1490 1902 1662 1937 dicendum
1686 1908 1757 1943 est;
1783 1903 1926 1950 qualiter
1949 1903 2028 1938 deus
2052 1917 2205 1952 prospere
2231 1917 2265 1940 sc.

1289 1961 1403 1996 habuit
1426 1960 1513 1995 circa
1537 1972 1597 1995 nos
1620 1965 1654 1995 et
1677 1960 1764 1996 circa
1790 1961 1863 1996 illos
1887 1973 1991 2007 usque
2016 1961 2056 1996 ad
2081 1974 2233 2008 praeseus
2254 1975 2262 2002 ;

1289 2018 1382 2054 novit
1403 2018 1579 2064 imperium
1604 2030 1714 2052 meum
1730 2018 1818 2065 quod
1835 2018 1969 2054 audistis
1983 2031 2001 2053 a
2018 2020 2182 2066 plurimis.
2198 2020 2269 2054 Au—

1290 2078 1380 2113 diens
1402 2083 1512 2112 autem
1536 2078 1682 2124 apertius
1702 2083 1735 2112 et
1750 2077 1792 2112 ab
1810 2076 1880 2111 istis
1897 2077 2020 2112 nuntiis
2037 2078 2169 2112 nostris.
2189 2078 2268 2113 Mis-

1290 2148 1324 2170 sa
1349 2139 1411 2170 est.
1438 2135 1550 2169 Mense
1575 2139 1727 2180 augusto,
1743 2133 1921 2182 jndictioae
1938 2133 2052 2181 quinta
2070 2147 2088 2168 a
2107 2134 2269 2170 sanctissi—

276 2201 398 2225 meum.
417 2197 449 2227 et
466 2192 618 2228 satiatum
642 2199 691 2229 est
706 2192 746 2228 ‹le
764 2193 880 2229 vestris
894 2191 1013 2229 sanctis
1033 2191 1247 2231 orationibus;
1294 2206 1344 2228 ma
1369 2192 1450 2227 urbe
1474 2191 1761 2238 constantinopoli.

276 2247 332 2284 sed
356 2248 401 2284 ita
428 2249 620 2298 dispositum
656 2257 704 2287 est
740 2252 826 2287 circa
857 2256 1000 2287 vestram
1024 2250 1251 2287 venerabilita-

1382 2328 1392 2367 (
1405 2326 1448 2358 Ex
1461 2325 1531 2368 neg.
1550 2325 1625 2358 Petri
1638 2326 1713 2358 Diae.
1728 2344 1768 2351 —
1779 2326 1838 2359 Fol.
1856 2327 1957 2359 LXVII
1971 2336 2062 2367 verso,
2078 2329 2124 2360 n.⁰
2141 2329 2232 2369 147.)

1193 2443 1345 2495 mu.

1060 2560 1168 2602 ¹097
1181 2584 1235 2591 -
1249 2561 1378 2603 indict.
1399 2562 1441 2601 v.

297 2677 408 2714 Dazan
432 2676 638 2712 instrumenta
662 2677 849 2712 denotantur
873 2676 953 2710 bona
977 2675 1103 2709 mo'n'lc‘a
1126 2682 1153 2708 ct
1178 2674 1351 2730 im›no'›ilia
1366 2701 1374 2715 ‚
1406 2687 1485 2721 quae
1510 2687 1550 2710 ex
1571 2682 1659 2722 parte
1684 2676 1881 2723 Alpharmtao
1904 2673 1932 2710 et
1958 2674 2087 2710 loannis
2111 2674 2191 2709 inter
2216 2686 2244 2708 se

963 2731 1144 2766 nubentium
1169 2733 1279 2766 datum
1304 2731 1346 2766 iri
1372 2733 1593 2779 spondebatur.

329 2837 359 2886 †
385 2837 438 2873 Ἐν
463 2849 594 2878 ovo-mm
622 2834 685 2871 τοῦ
709 2848 838 2884 ποι-προς
862 2849 917 2870 και
935 2847 996 2870 του
1020 2848 1090 2870 mov
1114 2848 1168 2869 και
1195 2847 1258 2870 του

1347 2835 1376 2883 †
1402 2837 1438 2871 ln
1463 2837 1595 2872 nomine
1620 2837 1740 2878 Patris.
1759 2842 1791 2872 et
1816 2836 1905 2878 Filii,
1931 2842 1965 2872 et
1988 2837 2129 2883 Spiritus
2154 2837 2277 2872 Sancti.

283 2909 380 2943 αγιου
403 2909 597 2938 πνευματος.
623 2910 771 2941 παναγιοι
794 2898 944 2934 &torona
964 2893 1022 2938 σὴν
1037 2894 1078 2928 τό
1093 2906 1257 2940 μωινογειει
1300 2894 1503 2930 sanctissima
1524 2895 1662 2941 Deipara
1680 2894 1775 2930 simul
1793 2905 1869 2929 cum
1886 2887 2054 2940 unigenito
2071 2900 2128 2930 tuo
2143 2893 2229 2930 Filio
2247 2899 2279 2929 et

284 2968 342 2992 σου
364 2956 424 2992 υῙῶ
447 2953 501 2992 καὶ
525 2956 594 2991 Su}
618 2968 707 2999 τμων
725 2951 863 3002 ευτυχός
879 2954 984 2997 boissi
1008 2954 1093 2997 ἡμῖν.
1121 2954 1189 2997 ᾗσιν
1212 2954 1259 2988 τὰ
1302 2952 1368 2986 Deo
1392 2957 1503 2987 nostro
1528 2951 1666 2987 feliciter
1681 2963 1740 2987 nos
1754 2951 1882 2988 adiuva.
1905 2952 1994 2986 Haec
2011 2955 2099 2992 sunt,
2119 2963 2204 2999 quae
2220 2962 2280 2997 ego

286 3012 468 3056 οᾯοΐλοντα
490 3009 622 3056 δοθῆναι
655 3015 721 3062 wip
751 3011 825 3055 εμοῦ
854 3017 1004 3048 naamon:
1035 3024 1114 3059 προς
1139 3009 1201 3050 »τὴν
1226 3026 1260 3047 εκ
1302 3009 1439 3046 Basilius
1451 3010 1601 3046 daturum
1618 3023 1670 3046 me
1686 3010 1826 3057 spontino
1845 3010 2000 3046 divinitus
2017 3009 2097 3045 mihi
2113 3021 2280 3045 concessae
