2560 3646
1142 420 1340 456 —505-

249 490 304 530 καὶ
328 493 369 533 εἷς
396 491 485 535 κενὴν
509 506 542 531 σε
566 493 705 532 ποίντων
728 495 773 537 ὡς
796 489 940 531 εἰὲισται
974 491 1081 537 sicma
1113 490 1219 535 νομήν.

247 548 312 586 τοῦ
331 550 359 588 ἐν
375 551 488 594 αὐτοῖς
513 551 566 589 καὶ
583 553 615 594 ἐξ
631 552 741 590 αὐτῶν
763 551 864 589 ποιεῖν
879 547 913 588 σὶ
929 552 983 588 καὶ
1010 548 1223 599 κληρονόιιους

246 622 305 646 σου
329 610 383 647 καὶ
409 606 579 659 διαδόχους
602 611 716 648 ποίντα
738 611 799 646 ὅσα
822 611 852 646 οἱ
876 611 960 653 νόμοι
985 608 1057 649 τοῖς
1080 604 1229 652 ἀληθεσΐ

248 665 437 716 δεσπόταις,
456 670 482 709 ἓν
505 672 575 713 τοῖς
598 670 706 713 οἱκίοις
729 668 785 707 καὶ
810 668 878 706 ἀπὸ
900 670 970 706 τῶν
994 665 1102 706 οὶκίων
1125 668 1225 704 ποιεῖν

247 723 454 778 διορΐζονται.
480 731 524 770 ὡς
546 728 589 766 τὸ
612 726 706 776 κόρος
737 728 794 763 καὶ
828 727 891 772 τὴν
922 725 1058 767 ἐξουσίαν
1091 720 1225 762 τούτων

248 787 426 835 παρ’ὖμῶν
449 785 615 830 εἰληφότα
631 798 678 822 σε.
697 782 832 822 tradam
859 783 1040 831 ἓνοχοποιῶ
1063 780 1114 826 ἐμὲ
1139 782 1225 825 μετὰ

250 847 463 894 κληρονόμους
486 841 574 887 ἐμοὺς
590 842 668 893 πρὸς
683 840 716 880 σὶ
732 844 787 880 καὶ
806 842 1021 892 κληρονόμους
1044 855 1119 882 σους
1136 841 1226 889 ἀκρῖ-

248 902 326 947 βοῦς
350 903 527 968 ἔπιζητησε
527 918 572 944 ως
594 901 647 939 ἐπε
648 901 822 948 ντιθείσης,
840 903 884 944 ὡς
907 896 939 939 εἴ
952 914 1036 939 ποτε
1060 901 1129 938 τῶν
1152 913 1227 935 και-

251 978 313 1012 ρων
337 963 429 998 κατὰ
461 959 527 997 τοῦ
561 963 722 1011 παρόντος
752 959 950 1011 ἔγγροίφου,
978 962 1042 1004 τῆς
1066 953 1228 1001 τοιαύτης

251 1022 399 1070 πρίσεως
422 1023 602 1077 χωρῆσθαί
626 1021 830 1072 πειραθῶμεν
846 1019 933 1057 ἅπαν
950 1012 1121 1062 Φοίκτοιι’
1104 1031 1126 1061 η
1120 1009 1229 1059 νόμου

250 1075 371 1130 δόγμα
384 1076 428 1113 τὸ
453 1078 569 1115 οἱονοῧν
594 1067 747 1120 διοίταξιν
775 1077 1014 1123 ἔκφωνηθεῖσαν
1039 1067 1059 1119 ἦ
1083 1073 1230 1117 ἐκφωνη-

248 1133 450 1181 θησομίνην,
478 1138 605 1182 πλανην
637 1134 824 1186 ἀναργυρίου
847 1135 1040 1179 τιμηματος
1064 1130 1229 1173 ἀπεταξοί-

246 1209 327 1241 μην,
342 1189 655 1233 ἀποκατάστασινΆ
634 1211 655 1239 η
668 1196 723 1232 ἕτε
713 1194 780 1243 (ραν
794 1194 869 1230 τινὰ
881 1192 986 1232 νεικιῖις
1003 1191 1094 1227 εἰπεῖν
1109 1187 1227 1232 αἰτίαν,

251 1246 274 1297 ἠ
263 1245 410 1290 δίκαιον
433 1252 690 1301 προβαλλάιενοι
707 1251 746 1291 εἰς
760 1241 952 1294 βοηθειαν’
930 1265 952 1294 η
970 1262 1034 1291 την
1057 1250 1128 1286 τῶν
1153 1250 1230 1295 ειρη-

252 1308 351 1354 με’νων
374 1307 506 1359 δένδρων
528 1307 660 1353 νομίμην
683 1304 876 1352 δεφενσίωνα
900 1309 1004 1355 καιρῶ
1027 1308 1083 1344 τῶ
1107 1306 1232 1356 προσή-

253 1382 344 1405 κοντι
368 1368 416 1413 μὴ
439 1365 598 1414 ἔποίγομεν
621 1367 658 1403 οὗ
675 1394 683 1404 .
715 1395 724 1403 .
754 1395 763 1404 .
779 1364 844 1403 τοῦ
859 1380 908 1410 μη
928 1361 1126 1403 ἔκδικεῖσθαι
1152 1365 1234 1408 ὑμᾶς

253 1429 436 1470 βουλόμενοι
453 1424 491 1471 ἐφ
510 1426 554 1467 οῖς
569 1418 605 1463 ἓν
620 1422 708 1472 ἲσχΙν
719 1420 830 1474 ἔχομεν
846 1426 929 1462 ἀλλ’
940 1420 971 1466 ἕξ
985 1423 1234 1474 ἔπαιρωτῆσεως

251 1483 306 1521 καὶ
319 1481 494 1528 συμφώνου
505 1485 574 1520 ἀπο
579 1509 745 1520 ......
764 1480 932 1530 {vob-yses&
949 1479 1000 1525 ἔμε
1018 1483 1073 1517 καὶ
1089 1482 1177 1518 ἅπαν
1190 1482 1234 1517 τὸ

257 1539 301 1585 με’
298 1557 347 1592 ρος
355 1542 556 1585 καταβαλεῖν
567 1555 616 1578 σοι
626 1539 684 1578 »καὶ
697 1539 798 1578 παντὶ
810 1542 865 1578 τῶ
875 1539 925 1577 aaz
935 1536 1014 1588 μέρει
1027 1540 1138 1581 ποινῆς
1149 1540 1236 1577 ἕνεκα

252 1596 489 1647 αὖγουστοίλια
497 1597 620 1647 χρυσοῦ
631 1594 690 1636 ὃῦο
703 1595 829 1642 καὶτῆς
841 1598 953 1639 ποινῆς
965 1594 1236 1641 καταβληθείσης

253 1648 276 1699 ‘ii
298 1656 346 1700 μὴ
369 1657 444 1720 ἥτις
466 1654 578 1696 ‹So-olan,-
599 1657 837 1700 πληιμεληθῆ
852 1683 862 1697 ,
888 1654 1030 1695 τοσοίκις
1058 1656 1237 1698 καταβλη-

255 1714 318 1756 θῆ.
345 1712 409 1748 τοῦ
442 1711 599 1761 παρόντος
630 1711 803 1760 ἔγγροίφου
835 1707 919 1748 οιίδεν
950 1706 1080 1755 ἦττον,
1107 1710 1237 1759 ἷσχίροῦ

252 1769 341 1814 μετὰ
364 1770 482 1808 ταῦτα
506 1767 608 1815 διαμὲ
591 1785 707 1812 -νοντος
730 1769 810 1808 ἐσαεὶ
834 1769 898 1807 τοῦ
914 1767 1028 1820 γραφε’
1022 1785 1096 1812 ντος
1111 1773 1162 1831 τῆ
1178 1771 1238 1830 ἒμῆ

254 1828 380 1870 ἀξιώσει
416 1830 499 1878 χειρὶ
526 1829 590 1866 τοῦ
623 1826 764 1879 ἀνοτέρω
797 1827 965 1874 βασιλείου
997 1831 1118 1880 ρηγικῆ
1137 1813 1237 1866 ἄδεια

261 1887 355 1925 κατὰ
379 1889 487 1926 ποίσαν
511 1891 622 1937 χῶραν
652 1886 824 1938 ὑδρουντης
851 1886 1036 1932 πουβλίκου
1067 1890 1238 1932 ταβοιλα-

257 1943 336 1993 ριόυ.
357 1948 413 1997 τῷ
436 1946 566 1989 συνήθει
591 1941 719 1982 τούτου
741 1944 860 1999 σημείῳ
886 1946 941 1981 καὶ
965 1945 1014 1987 τῆ
1030 1947 1107 1995 πρὸς
1130 1941 1239 1982 ἐπικύ-

258 2017 353 2053 ρωσιν
378 2001 574 2051 ὗπογραφῆ.
593 2002 639 2041 ναὶ
663 2003 728 2047 μὴν
752 2006 808 2040 καὶ
834 2004 910 2046 ταῖς
934 2004 1147 2053 ὑπογραφαῖς
1169 2006 1237 2041 τῶν

259 2058 414 2108 ἀνωτέρω
440 2058 557 2108 κριτοῦ
582 2060 637 2096 καὶ
652 2058 821 2110 μαρτύρων
845 2059 1100 2109 ἐπικυρωθέντος
1115 2062 1169 2098 καὶ
1186 2060 1240 2104 ἒμ-

257 2114 451 2159 πεδοὸἔντος
466 2146 475 2161 ,
502 2117 599 2155 ἅτινα
622 2117 740 2154 ποίντα
771 2120 858 2161 ‘ht-275
882 2120 912 2154 ol
937 2115 1090 2167 ἀνωτέρω
1122 2119 1239 2168 κριτὴς

260 2174 404 2224 νοτοίριος
421 2174 475 2211 κα)
492 2175 648 2223 μα’ρτυρες
672 2172 897 2222 ὁμολογοῦμεν
922 2176 1046 2219 ἀληθῆ
1062 2172 1150 2212 εἶναι.
1168 2174 1241 2211 ἐνώ-

260 2248 333 2270 πιον
356 2234 448 2277 ’ἱμῶν
472 2233 670 2280 ’γεγενῆσθαι
697 2233 751 2270 καὶ
777 2235 990 2276 τελεσθῆναι.
1009 2229 1100 2277 μηνὶ,
1123 2230 1237 2282 ἡμέρα,

260 2288 458 2334 ἷνδικτίωνι,
483 2286 542 2326 ἔτει
562 2319 570 2331 ,
598 2289 653 2326 καὶ
678 2293 778 2342 τόπῳ
801 2292 873 2331 τοῖς
897 2292 1126 2340 προγραφεῖσι.

308 2352 339 2397 †
362 2349 481 2397 μαῦρος
505 2347 680 2396 μαῖστορος
704 2347 837 2385 ἷωοίννου
861 2350 976 2398 κριτὴς
1001 2349 1242 2390 καλλιπόλεως

260 2408 279 2442 ὁ
304 2405 455 2456 ἀνωτέρω
480 2408 652 2455 μαρτυρῶν
677 2402 862 2455 ὑπέγραψε.

309 2468 340 2514 †
363 2465 516 2504 νικόλαος
540 2460 629 2511 ἱερεὺς
651 2461 670 2497 6
693 2460 882 2512 λαχύυαρος
903 2465 921 2500 6
938 2460 1093 2513 ἀνωτέρω
1116 2477 1242 2513 μαρτυ·

263 2525 322 2571 ρι’ἰιν
346 2518 526 2569 ὑπέγραψε,

314 2581 343 2628 †
366 2575 450 2615 λε’ων
467 2576 484 2610 ὁ
496 2575 559 2617 υἱὸς
575 2574 707 2614 ἷωοίννου
723 2573 948 2625 πρωτοντίνου
961 2575 979 2611 6
992 2575 1146 2625 ἀνωτέρω
1163 2591 1244 2626 μαρ-

263 2639 369 2686 τυρῶν
394 2637 452 2673 im:
450 2633 577 2684 ’γραψε.

313 2695 342 2743 †
368 2696 439 2743 ῥογε
437 2691 506 2742 ’ριος
531 2694 730 2732 ἀναστάσιος
746 2689 764 2726 6
779 2689 843 2729 τοῦ
866 2693 977 2751 βαρικε
967 2688 1070 2729 -’λλου
1087 2692 1104 2727 6
1122 2690 1244 2730 ἀνωτέ-

265 2766 310 2800 ρω
334 2764 502 2801 μαρτυρων
526 2750 585 2787 ὑπε
582 2748 709 2798 ’γραψι

315 2812 344 2859 †
368 2809 517 2859 κυριακός
542 2806 761 2855 ἀναγνωστης
777 2808 794 2844 6
809 2806 875 2845 τοῦ
899 2807 1043 2856 σαζοίρου
1058 2809 1110 2844 6'
1092 2823 1245 2857 ανωτερω

267 2868 437 2916 μαρτυρῶν
461 2862 642 2915 ὑπέγραψε.

313 2927 343 2975 †
367 2923 422 2960 καὶ
445 2925 462 2960 6
486 2923 711 2972 ταβουλοίριος
734 2921 878 2970 νοτοίριος
900 2920 1070 2966 βασίλειος
1092 2924 1109 2959 6
1126 2921 1246 2961 ἀνωτέ-

268 2997 315 3031 ρω
341 2981 462 3030 ἔγραψε
486 2980 540 3016 καὶ
564 2978 732 3030 ὑπέγραψε
756 2978 835 3027 πρὸς
857 2975 1060 3028 ἓπικῦρωσιν.

1264 493 1441 528 sessionem
1455 498 1489 528 et
1500 493 1682 529 dominium
1696 498 1928 541 competens,ct
1942 494 1975 528 in
1990 502 2127 529 vacuam
2140 493 2247 526 omni-

1265 570 1322 594 um
1335 558 1583 607 possessionem,
1603 560 1653 595 uti
1669 560 1802 601 assolet,
1819 565 1852 595 te
1869 559 2004 601 immisi,
2021 566 2058 595 ut
2073 560 2107 595 iu
2123 559 2201 606 ipsis
2213 563 2246 592 et

1265 627 1306 662 de
1330 627 1409 674 ipsis
1435 632 1472 662 tu
1496 627 1612 673 tuique
1628 626 1762 663 heredes
1777 633 1810 662 et
1835 640 2037 664 successores
2065 627 2175 663 omnia
2200 627 2248 661 fa-

1266 694 1374 734 ciatis,
1401 705 1488 741 quae
1513 694 1600 740 leges
1625 694 1713 729 veris
1728 695 1869 730 dominis
1893 696 1928 730 iu
1945 696 2043 731 rebus
2058 695 2201 742 propriis
2217 700 2250 730 et

1267 761 1308 797 de
1332 758 1475 807 propriis
1504 761 1615 795 facere
1643 761 1866 807 permittunt,
1892 766 2005 808 utpote
2038 763 2097 808 qui
2130 762 2249 796 harum

1268 829 1448 864 dominium
1473 833 1507 865 et
1530 828 1582 863 ius
1606 840 1626 863 a
1650 829 1744 864 nobis
1761 829 1927 877 accepisti.
1946 830 2058 871 Quare
2082 831 2143 865 tibi
2167 830 2248 865 tuis-

1269 911 1334 946 que
1358 898 1535 934 heredibus
1560 909 1662 934 caveo
1686 910 1740 934 me
1765 905 1799 934 et
1823 899 1961 935 heredes
1978 911 2080 941 meos,
2100 906 2251 935 accurata

1269 967 1483 1015 requisitione
1499 967 1664 1014 imposita,
1680 967 1707 1002 si
1725 967 1855 1015 quando
1872 980 1890 1002 a
1907 969 2071 1015 praesenti
2089 970 2252 1016 scriptura

1270 1037 1369 1072 huius
1395 1036 1595 1073 venditionis
1620 1035 1775 1071 recedere
1813 1036 2050 1071 tentaverimus
2071 1063 2079 1078 ‚
2116 1037 2254 1084 quodvis

1272 1106 1348 1141 sacti
1384 1105 1438 1142 vel
1470 1105 1551 1152 legis
1583 1111 1795 1152 praeceptum
1813 1130 1822 1146 ,
1853 1104 2119 1140 constitutionem
2152 1106 2256 1139 latam

1271 1176 1324 1211 vel
1349 1175 1516 1211 ferendam
1533 1201 1542 1216 ,
1568 1186 1717 1210 errorem
1750 1186 1816 1210 non
1846 1179 2037 1209 numeratae
2072 1174 2228 1220 pecuniae
2246 1199 2255 1213 ,

1273 1241 1540 1283 redhibitionem,
1567 1242 1621 1278 vel
1653 1254 1896 1290 quamcumque
1921 1242 2021 1277 aliam
2054 1253 2120 1277 uno
2153 1243 2258 1278 verbo

1273 1322 1420 1351 causam,
1439 1309 1493 1346 vel
1509 1310 1560 1344 ius
1577 1309 1611 1344 in
1630 1309 1795 1344 auxilium
1808 1309 2010 1349 invocantes,
2026 1314 2084 1344 aut
2097 1308 2169 1356 (pro
2186 1320 2258 1343 ven-

1275 1376 1407 1424 ditione)
1413 1375 1576 1411 dictarum
1585 1375 1742 1410 arborum
1751 1375 1935 1421 legitimam
1945 1374 2165 1410 defensionem
2174 1380 2260 1410 tem—

1275 1446 1355 1482 pore
1379 1438 1565 1481 opportuno
1590 1444 1655 1467 non
1679 1429 1931 1478 susceperimus,
1957 1442 2062 1478 neque
2087 1432 2175 1466 tueri
2200 1443 2259 1467 vo-

1276 1492 1436 1528 luerimus
1471 1496 1632 1539 quantum
1657 1490 1752 1525 nobis
1783 1489 1940 1530 licuerit,
1966 1500 2010 1523 ex
2046 1489 2259 1535 requisitione

1277 1558 1311 1587 et
1335 1550 1551 1586 conventione
1581 1574 1791 1583 ......
1819 1559 1871 1582 me
1884 1547 1896 1594 (
1907 1547 2064 1594 inquam)
2079 1553 2112 1582 et
2129 1558 2260 1592 omnem

1277 1613 1407 1655 partem
1432 1617 1539 1655 meam
1563 1605 1731 1640 soluturos
1756 1604 1816 1639 tibi
1830 1610 1863 1640 et
1879 1605 1970 1639 omni
1983 1604 2069 1650 parti
2087 1609 2161 1639 tuae
2186 1614 2264 1649 poe-

1278 1675 1338 1698 nae
1355 1662 1488 1698 nomine
1505 1661 1692 1708 augustales
1709 1672 1827 1696 aureos
1842 1661 1937 1702 duos;
1953 1673 2039 1708 quae
2056 1671 2160 1707 poena
2177 1659 2266 1694 solu-

1278 1725 1325 1760 ta,
1353 1719 1407 1755 vel
1432 1730 1511 1756 non.
1526 1719 1654 1765 quoties
1670 1718 1704 1752 in
1719 1718 1932 1753 commissum
1957 1716 2134 1758 incidatur,
2167 1715 2265 1751 toties

1279 1778 1455 1826 pendatur.
1491 1778 1532 1812 Et
1571 1776 1786 1812 nihilominus
1823 1787 1975 1823 praesens
1998 1775 2262 1822 ¹instrumentum

1279 1837 1414 1871 firmum
1438 1834 1575 1881 posthac
1601 1838 1729 1868 maneat
1746 1833 1779 1867 in
1797 1838 1993 1879 perpetuum
2006 1858 2014 1871 ‚
2035 1831 2195 1876 scriptum
2212 1841 2267 1864 ro-

1279 1899 1358 1940 gatu
1385 1903 1460 1928 meo
1487 1902 1587 1926 manu
1614 1890 1793 1938 supradicti
1822 1889 1933 1924 Basilii
1960 1890 2048 1934 regia
2073 1887 2267 1922 auctoritate

1281 1963 1339 1998 per
1364 1957 1468 1986 totam
1496 1957 1620 1986 terram
1644 1948 1889 1996 Hydruntinam
1922 1947 2047 1993 publici
2084 1945 2263 1985 tabularii,

1279 2013 1435 2044 consueto
1460 2007 1531 2043 eius
1556 2008 1649 2054 signo
1666 2033 1675 2048 ‚
1703 2013 1735 2042 et
1761 2006 1999 2052 subscriptione
2029 2004 2069 2039 ad
2103 2004 2265 2038 roboran-

1280 2066 1373 2107 dum,
1401 2066 1483 2113 quin
1509 2065 1577 2100 imo
1603 2069 1635 2100 et
1662 2063 1957 2110 subscriptionibus
1970 2063 2196 2109 praefatorum
2214 2060 2266 2095 iu-

1280 2124 1360 2159 dicis
1385 2129 1419 2159 et
1444 2124 1578 2159 testium
1593 2122 1825 2157 confirmatum
1838 2127 1871 2156 et
1895 2120 2154 2156 constabilitum.
2174 2119 2268 2160 Quae

1281 2182 1393 2217 omnia
1418 2193 1476 2217 nos
1501 2180 1682 2228 supradicti
1707 2180 1820 2221 iudex,
1840 2180 1987 2214 notarius
2002 2184 2036 2213 et
2062 2183 2160 2214 testes
2186 2179 2267 2212 sate-

1283 2250 1357 2272 mur
1382 2249 1461 2272 vera
1486 2248 1555 2271 esse
1573 2263 1581 2277 ‚
1609 2243 1642 2272 et
1666 2248 1776 2271 coram
1802 2236 1895 2271 nobis
1920 2242 1991 2270 acta
2024 2243 2057 2271 et
2090 2236 2237 2282 perfecta
2255 2260 2263 2273 ,

1284 2306 1407 2333 mense,
1435 2294 1500 2334 die,
1529 2293 1721 2334 indictione,
1745 2305 1832 2328 anno
1855 2300 1888 2328 et
1913 2294 1985 2328 loco
2009 2293 2215 2339 supradictis.

1332 2351 1362 2398 †
1386 2352 1523 2386 Maurus
1547 2351 1637 2386 filius
1660 2351 1808 2397 magistri
1835 2351 1964 2386 Ioannis
1981 2351 2080 2385 iudex
2098 2348 2270 2395 Gallipolis

1284 2408 1490 2455 supradictus
1514 2408 1720 2454 subscripsit.

1331 2465 1360 2513 †
1386 2466 1543 2502 Nicotaus
1555 2465 1766 2512 Lachybarus
1782 2463 1956 2511 presbyter
1972 2463 2180 2510 supradictus
2194 2463 2269 2498 sub—

1286 2524 1428 2570 scripsit.

1333 2579 1363 2627 †
1388 2581 1455 2615 Leo
1482 2579 1568 2615 nlius
1592 2579 1724 2615 Ioannis
1760 2578 1946 2614 Protontini
1983 2575 2189 2623 supradictus
2223 2581 2269 2610 te-

1286 2638 1344 2672 stis
1369 2637 1576 2684 subscripsit.

1333 2695 1364 2743 †
1390 2695 1551 2742 Rogerius
1567 2694 1759 2730 Anastasius
1775 2692 1863 2729 filius
1879 2692 2043 2740 Barycelli
2060 2691 2266 2739 supradictus

1290 2754 1379 2789 testis
1403 2753 1608 2800 subscripsit.

1335 2811 1365 2859 †
1389 2812 1546 2858 Cyriacus
1570 2811 1659 2847 filius
1682 2810 1792 2846 Sazari
1817 2809 1924 2845 lector
1948 2808 2156 2856 supradictus
2181 2808 2271 2843 testis

1289 2867 1496 2914 subscripsit.

1334 2924 1365 2973 †
1389 2926 1430 2960 Et
1454 2924 1620 2971 praefatus
1637 2923 1816 2959 tabularius
1842 2922 1988 2959 notarius
2021 2921 2161 2958 Basilius
2185 2921 2265 2956 scri—

1290 2983 1353 3031 psit
1376 2987 1410 3019 et
1434 2982 1475 3019 ad
1499 2981 1745 3018 roborationem
1769 2979 1974 3027 subscripsit.

345 3053 402 3094 (Ex
415 3051 545 3095 originali
558 3052 726 3086 membrana
738 3050 898 3093 episcopalis
919 3050 1037 3085 Archivi
1050 3051 1263 3085 Neritini-n.⁰
1281 3053 1345 3091 15.)

2083 3098 2130 3132 65-
