2652 3762
2110 395 2209 424 xxvn

274 463 441 514 denique
459 474 560 506 anno
590 466 704 517 nst,
734 467 766 506 si
796 466 983 506 Gulielmo
1011 463 1043 503 ll
1072 463 1276 514 tribuatur,
1307 465 1457 505 exarari
1486 465 1631 506 debuit.
1665 465 1745 506 Nos
1772 467 1941 517 diploma
1970 477 1993 506 a
2021 465 2210 505 Gulielmo
2239 465 2252 503 l

271 524 395 566 fuisse
414 536 640 568 concessum
659 537 759 567 anno
781 527 881 567 1151
907 537 955 567 ex
973 535 1021 566 eo
1039 524 1291 576 coniecimus,
1321 528 1440 576 quod,
1462 538 1548 567 cum
1568 528 1643 568 hoe
1669 537 1769 567 anno
1788 538 1811 567 e
1828 528 1905 567 vita
1933 526 2156 577 migraverit
2184 525 2255 565 Ro·

274 588 409 637 gerius
435 589 530 642 Rex,
558 594 599 630 et
623 591 674 630 ad
701 600 863 640 regnum
891 590 976 630 eius
1002 588 1105 629 tillus
1132 588 1344 630 Gulielmus
1364 590 1378 629 1
1397 591 1515 630 ruerit
1541 596 1712 643 evectus,
1733 591 1912 632 monachi
1932 595 1974 629 nt
1992 591 2075 631 suis
2101 599 2256 641 posses-

275 647 451 690 sionibus
476 650 752 701 consulerent,
780 662 804 690 a
831 661 930 691 noro
957 650 1063 699 Rege
1090 649 1312 700 petierunt,
1340 654 1384 690 ut
1411 652 1459 690 iis
1487 657 1623 701 pacate
1650 652 1725 692 frui
1757 652 1832 693 sihi
1860 652 2017 700 liceret,
2047 661 2095 690 eo
2131 650 2258 700 magis

277 711 380 759 quod
407 711 655 761 quaestiones
682 711 782 751 inter
810 712 954 762 Regem
982 715 1022 751 ct
1049 710 1311 760 Apostolicam
1340 709 1481 750 Scdcm
1509 714 1798 764 prohibebant,
1828 712 2033 763 quominus
2061 721 2131 751 sua
2158 712 2260 751 hona

277 774 382 810 sarta
409 774 450 810 et
474 773 577 810 tecta
605 772 655 811 ab
683 773 786 812 omni
815 772 1074 821 incommodo,
1104 771 1337 811 detrimento
1363 782 1411 810 ac
1438 772 1616 812 molestia
1644 779 1858 814 servarent.

379 832 619 874 Membrana
639 835 985 875 CCLXXXVII.-
999 835 1190 874 Praesens
1218 834 1442 873 membrana
1471 844 1545 874 non
1573 845 1688 875 secus
1715 847 1761 875 ac
1788 837 1962 885 proxime
1994 836 2175 886 superior
2201 835 2257 873 in-

277 893 445 934 dictione
474 893 517 933 vt
549 899 588 935 et
614 907 747 937 mense
783 897 993 948 septembri
1028 897 1180 946 signata
1209 896 1460 946 conspicitur.
1500 896 1579 936 Nos
1606 897 1742 945 quovis
1774 898 1851 937 alio
1879 898 2020 939 indicio
2052 898 2258 948 destituti,

278 958 320 994 ut
346 964 474 995 veram
503 956 588 997 eius
616 959 803 1007 epocham
831 962 1106 1008 statueremus,
1127 968 1214 996 cum
1233 958 1621 997 animadverterimus
1649 958 1748 997 inter
1776 962 1921 1008 testes,
1940 960 2006 1008 qui
2031 960 2262 1009 contractui,

278 1016 328 1055 de
347 1024 423 1064 quo
449 1016 532 1066 agit
558 1020 796 1069 membrana,
826 1019 1106 1069 interfuerunt,
1137 1019 1316 1058 eumdem
1344 1018 1635 1058 Constantinum
1664 1018 1870 1058 Mandilum
1898 1019 2083 1059 humilem
2111 1020 2268 1070 presby-

279 1083 404 1118 terum
424 1089 468 1120 se
487 1081 687 1122 chartulae
715 1083 979 1132 subscribere,
1009 1083 1073 1131 qui
1102 1082 1277 1132 proxime
1304 1081 1499 1132 superiori
1527 1081 1740 1121 contractui
1768 1091 1811 1120 se
1840 1081 2143 1132 subscripserat,
2164 1092 2268 1121 eum-

279 1142 367 1182 dem
396 1153 537 1183 annum
568 1145 666 1184 1232
696 1145 911 1194 insequenti
940 1146 1056 1184 etiam
1085 1146 1333 1184 membranae
1361 1144 1607 1183 tribuendum
1636 1144 1872 1183 censuimus.

382 1203 625 1246 Membrana
646 1205 868 1257 Wprioris
884 1207 1020 1256 partis
1038 1206 1292 1256 Appendicis
1309 1226 1361 1234 —
1379 1204 1434 1245 Ex
1453 1208 1620 1254 quatuor
1638 1204 1792 1254 graecis
1815 1203 1956 1253 literis,
1985 1203 2126 1251 quihus
2152 1212 2269 1242 mem-

281 1263 428 1304 branae
455 1275 578 1306 annus
606 1267 811 1308 denotatus
837 1267 979 1318 iuerat,
1017 1268 1077 1306 rix
1113 1268 1213 1307 duae
1240 1266 1418 1316 priores,
1457 1263 1618 1316 nempe,
1638 1276 1738 1315 quae
1766 1275 1905 1304 annum
1943 1263 2044 1303 6000
2081 1264 2268 1314 indicant,

282 1325 511 1367 edacitatem
540 1329 728 1378 temporis
754 1329 988 1378 effugerunt.
1019 1330 1100 1369 Ilae
1128 1334 1270 1380 tamen,
1300 1333 1340 1370 et
1366 1329 1509 1369 mentio
1538 1333 1618 1367 tum
1647 1328 1868 1367 indictionis
1897 1328 2044 1377 primae
2062 1356 2073 1378 ,
2103 1331 2184 1367 tum
2213 1331 2269 1367 ta·

285 1387 427 1428 butarii
457 1389 559 1429 Petri
588 1391 772 1440 Augerini
801 1392 868 1432 tilii
900 1392 1062 1442 Nicolai,
1093 1393 1258 1432 suadent
1279 1393 1541 1431 membranam
1571 1401 1671 1430 anno
1698 1395 1765 1430 aut
1795 1390 1907 1441 ¹¹67,
1929 1395 1996 1429 aut
2025 1391 2124 1429 ¹182
2151 1390 2273 1430 i‘uisse

284 1451 559 1501 conscriptam.
589 1453 712 1503 Magis
739 1464 831 1494 vero
860 1455 968 1503 prior
987 1455 1211 1493 eorumdem
1241 1465 1429 1494 annorum
1459 1455 1571 1494 nobis
1599 1454 1746 1502 arrisit,
1767 1453 1856 1502 quia
1884 1457 1964 1492 tum
1985 1463 2032 1493 ex
2052 1452 2277 1491 membrana

287 1511 507 1560 insequenti
536 1515 624 1553 anni
655 1514 771 1564 1181,
793 1518 871 1553 tum
891 1525 939 1553 ex
957 1515 1046 1554 aliis
1074 1515 1156 1554 aevi
1186 1515 1415 1564 posterioris
1443 1519 1550 1564 patet
1578 1525 1652 1554 non
1681 1514 1808 1553 adhuc
1837 1513 1992 1552 Petrum
2022 1511 2275 1561 Augerinum,

283 1573 354 1612 scd
385 1574 485 1615 alios
512 1577 685 1616 notarios
712 1577 834 1616 tuisse
853 1578 1086 1620 'l'ahularios
1114 1579 1337 1631 Callipolis3
1369 1590 1415 1620 cx
1444 1590 1522 1630 quo
1549 1580 1662 1630 argui
1690 1584 1821 1630 potest
1848 1580 1973 1630 ipsum
2003 1578 2160 1618 Petrum
2188 1581 2279 1618 ante

286 1645 426 1675 annum
458 1636 552 1675 1181
587 1641 750 1678 mortem
779 1638 940 1680 obiisse.

1221 1844 1383 1901 XII.

394 2063 537 2115 Eetypa
565 2066 834 2105 characterum
863 2067 900 2105 in
929 2067 1071 2107 tabulis
1090 2071 1240 2117 septem
1259 2078 1400 2108 excusa
1429 2068 1596 2107 luerunt.
1629 2067 1773 2107 Eorum
1800 2065 1983 2105 nonnulla
2012 2064 2167 2114 cuique,
2188 2064 2281 2103 velit

289 2124 402 2174 nolit,
431 2125 537 2165 illico
563 2130 769 2176 testantur,
799 2127 902 2175 quod
931 2138 1047 2177 supra
1082 2129 1287 2177 innuimus,
1318 2129 1469 2168 scilicet
1488 2138 1563 2167 non
1591 2138 1726 2176 parum
1755 2126 1991 2165 difficultatis
2018 2125 2280 2174 superandum

289 2185 410 2225 ruisse
430 2186 466 2224 in
487 2186 745 2234 assequendis
763 2188 978 2238 vocabulis,
1002 2199 1166 2236 quorum
1187 2190 1337 2228 litteras
1360 2193 1427 2227 aut
1447 2188 1628 2228 Notarius
1656 2188 1827 2227 exaravit
1854 2187 1988 2226 formis
2013 2186 2281 2225 salebrosiori-

289 2248 362 2286 bus
377 2250 417 2286 et
433 2247 639 2296 plurimum
659 2259 680 2287 a
700 2249 911 2298 scriptione
930 2255 1115 2290 consueta
1132 2255 1170 2290 et
1185 2251 1363 2290 familiari
1381 2251 1695 2301 abhorrentibus,
1725 2254 1793 2289 aut
1819 2249 2005 2298 temporis
2034 2248 2280 2298 inexplebilis

288 2309 496 2359 voracitas,
527 2311 587 2348 cui
617 2311 675 2349 vel
704 2316 951 2350 monumenta
981 2313 1096 2362 longe
1125 2314 1312 2353 solidiora
1347 2323 1420 2352 non
1447 2314 1670 2363 obsistunt,
1708 2313 1912 2352 maximam
1949 2316 2096 2361 partem
2134 2312 2278 2350 exedit.

288 2368 414 2409 Minus
433 2370 562 2420 periti,
583 2371 648 2419 qui
668 2371 705 2410 iu
726 2381 793 2411 eas
813 2372 1041 2422 inciderent,
1063 2374 1224 2413 forsitan
1245 2375 1509 2413 existimarent
1535 2374 1734 2414 obversari
1755 2374 1828 2413 sibi
1846 2383 1920 2413 non
1938 2373 2124 2411 Graecum
2148 2372 2282 2411 chara-

290 2433 452 2481 cterem,
468 2431 537 2470 sed
554 2430 711 2482 Oscum,
732 2432 932 2481 Sabinum,
949 2438 1016 2472 aut
1030 2434 1191 2473 aliarum
1209 2435 1323 2484 longe
1339 2436 1526 2484 gentium,
1545 2435 1866 2483 quemadmodum
1883 2433 2135 2473 invisentibus
2151 2437 2284 2472 vetera

290 2494 480 2543 quaedam
509 2505 723 2544 papyracea
743 2501 987 2535 monumenta
1008 2498 1216 2546 aliqnando
1236 2499 1410 2539 evenisse
1429 2498 1763 2537 Winkelmannius
1781 2497 1853 2547 (l),
1875 2508 1920 2536 ae
1941 2497 2122 2535 Marinius
2138 2495 2195 2546 (2)
2210 2499 2285 2534 tra-

291 2554 485 2596 diderunt.
515 2555 649 2595 Omnia
677 2566 769 2597 vero
804 2568 825 2596 a
864 2559 976 2598 nobis
1003 2559 1171 2599 exhibita
1205 2561 1471 2600 characterum
1500 2560 1726 2611 specimina,
1747 2560 1925 2608 quisquis
1953 2552 2281 2607 l‘alaeographiae

291 2615 420 2655 studio
456 2615 682 2667 detinetur,
719 2618 873 2657 maximi
916 2620 1134 2659 habiturum
1176 2630 1250 2660 non
1287 2622 1508 2661 dubitamus
1530 2651 1540 2671 ,
1578 2621 1807 2671 praesertim
1845 2620 1934 2669 quia
1976 2618 2282 2659 Monttauconius

312 2781 315 2783 Β
377 2738 426 2778 (1)
447 2738 549 2770 heure
570 2747 615 2770 au
639 2738 744 2771 Gomte
763 2741 834 2771 Brit
853 2750 909 2772 sur
930 2743 974 2773 les
996 2742 1199 2775 decoraverit-s
1221 2744 1478 2775 d'llercntanum
1499 2752 1580 2784 paq.
1602 2744 1656 2776 85⁶.
1679 2744 1780 2775 Huius
1807 2742 1963 2782 epistolae
1988 2745 2102 2773 auctor
2125 2741 2211 2772 male
2226 2741 2285 2772 ha·

291 2789 360 2820 buit
380 2793 522 2821 nostrum
544 2790 799 2829 Moriar-ellium,
821 2793 877 2830 qut
897 2794 1070 2825 vunentanus
1098 2803 1236 2833 ,cp-aecus
1263 2804 1408 2834 papyros
1431 2797 1466 2826 in
1490 2795 1710 2836 effossionibus
1739 2794 1933 2826 Herculanei
1958 2797 2104 2833 repertas
2127 2796 2283 2832 tanquam

293 2840 432 2872 sabinae
454 2841 598 2882 linquae
618 2847 824 2875 anonumenla
844 2845 1009 2883 salutarit,
1027 2849 1056 2876 et
1070 2850 1169 2886 pacta
1191 2853 1346 2879 conventa
1364 2849 1446 2879 inter
1461 2849 1713 2880 ltercutunenses
1730 2851 1759 2879 et
1773 2848 1910 2880 Sabinos
1932 2847 2016 2878 inim
2038 2847 2198 2877 contineri
2218 2845 2283 2885 suit

294 2891 491 2930 Ιισνίοιαωες
513 2892 598 2924 iram
619 2901 695 2926 vera
717 2895 924 2935 doloremque
945 2897 1003 2927 cicc
1025 2898 1263 2937 concoquebat,
1288 2900 1373 2938 quod
1394 2899 1508 2931 cadem
1530 2900 1636 2939 tepere
1658 2903 1754 2938 atquc
1777 2899 1921 2930 evolvere
1942 2896 2085 2937 littorum
2110 2897 2281 2936 iniquitate

293 2952 357 2976 non
377 2946 462 2984 pom
483 2950 576 2979 esaei.

377 2995 423 3035 (2)
444 2996 559 3037 Papiri
580 2997 797 3038 diplomatici,
821 2998 1022 3040 Profazionc.
