2652 3762
1273 321 1446 356 -18—

1296 398 1412 451 xvll
1419 433 1431 449 .

926 530 939 584 (
958 527 1083 582 1018)
1098 550 1152 557 —-
1161 526 1281 570 1101100
1307 526 1503 569 Februario
1513 526 1704 569 -11111101.
1730 529 1767 569 1.

354 663 498 699 Roianus
517 661 629 697 Italiae
649 660 833 706 Campanus
858 670 897 694 ex
914 657 1052 694 iussione
1074 655 1276 694 Constantini
1293 655 1498 703 Imperatoris
1509 655 1676 702 praecipit,
1695 667 1736 691 ne
1751 657 1822 704 quis
1837 658 1964 704 auferat
1989 658 2070 693 bona
2084 655 2283 693 eeclesiarum
2295 680 2305 697 .
2326 662 2354 691 et

402 722 571 770 praecipue
588 720 624 756 S.
644 718 816 761 Benedicti,
829 726 1053 766 praeceptaque
1069 719 1108 754 ab
1126 717 1198 753 aliis
1214 715 1400 763 Anthypatis
1417 721 1444 750 et
1461 715 1731 761 Protospathart’t's
1746 716 1782 751 in
1797 718 1934 753 eamdem
1949 729 2015 753 rem
2029 718 2107 753 data
2122 716 2302 763 confirmat.

402 849 615 887 Confirmatio
643 848 791 894 omnium
816 853 1044 895 preceptorum
1069 859 1133 896 que
1151 845 1281 894 patricii
1298 850 1331 880 01

354 908 609 957 protospatharii
622 909 784 944 feceruut.
802 909 852 943 Ex
866 908 960 955 jussu
977 905 1173 942 constantini
1187 906 1332 951 Impera-

355 967 448 1003 toris.

402 1026 465 1060 Per
478 1024 638 1071 scriptum
646 1023 830 1071 jmpcrialjs
840 1021 994 1069 jussionis
1005 1025 1195 1066 preceptum
1206 1018 1334 1066 recepi-

353 1093 429 1117 mus
438 1093 497 1116 nos
508 1082 627 1128 bojano
634 1078 874 1115 observandum
883 1091 900 1112 a
910 1077 1119 1112 sanctissimis
1126 1076 1334 1123 imperatori-

353 1141 415 1176 bus
430 1140 648 1186 constantjno.
666 1143 703 1173 ut
719 1149 785 1172 non
801 1148 913 1171 eamus
930 1135 971 1170 ad
987 1135 1163 1170 auferenda
1179 1135 1262 1170 bona
1279 1146 1334 1169 ee-

356 1198 529 1233 clesiarum
559 1201 593 1230 et
616 1194 771 1241 precipue
797 1194 901 1229 sancti
921 1191 1082 1227 benedicti
1106 1192 1189 1227 sicut
1214 1191 1334 1238 scripta

355 1253 461 1301 sigilla
486 1252 640 1299 kalokyri
673 1251 808 1298 antjpatj
834 1250 961 1298 patricii
992 1249 1164 1297 simbatjcii
1190 1249 1330 1296 patricii.

354 1311 510 1360 gregorii.
518 1310 689 1358 medalspi.
699 1309 787 1345 falei-
797 1309 902 1357 pothi.
911 1309 1028 1344 deliina
1035 1334 1042 1342 .
1057 1309 1192 1356 genesii.
1208 1308 1333 1343 romani

354 1370 489 1419 antjpatj
501 1369 644 1416 patricii.
660 1368 808 1404 iohannis
820 1369 955 1416 antjpatj
969 1368 1099 1414 patricii
1111 1368 1331 1415 ammiropoij.

355 1427 502 1464 theodori
526 1426 792 1474 protospatharii.
811 1425 911 1461 alexii
928 1425 1195 1477 protospatharii,
1213 1425 1285 1459 xiii.
1302 1430 1336 1460 et

355 1485 573 1533 requuorum.
583 1483 638 1518 sed
650 1482 754 1530 magis
766 1494 808 1517 ex
819 1484 975 1530 precepto
984 1483 1223 1531 imperatorum
1229 1484 1337 1531 jnter-

354 1540 494 1577 dicimus
518 1546 551 1576 et
567 1540 799 1576 confirmamus
823 1539 976 1575 omnibus
995 1540 1054 1587 qui
1070 1539 1130 1575 sub
1147 1546 1259 1576 sancto
1270 1541 1338 1588 jm÷

353 1599 447 1647 perio
462 1605 552 1635 sunt.
577 1605 615 1635 ut
629 1610 728 1634 nemo
743 1603 939 1646 potestatem
960 1598 1079 1634 habeat
1094 1611 1336 1647 quamcumque

353 1657 613 1704 temptationem.
640 1664 698 1694 aut
721 1657 988 1694 diminutionem.
1009 1657 1078 1693 sive
1102 1657 1258 1693 damnum
1279 1670 1338 1694 seu

351 1715 548 1763 ingardiam.
574 1715 630 1752 vel
642 1715 811 1764 imitatum
827 1714 868 1751 ad
888 1714 1082 1762 preferenda
1105 1715 1260 1751 tollenda.
1278 1722 1335 1753 aut

1374 843 1558 879 molestiam
1582 843 1728 891 aliquam
1752 844 1956 882 inferendam
1978 848 2094 885 amodo
2109 849 2192 885 etin
2208 854 2304 885 antea
2320 848 2354 883 in

1375 902 1489 938 eodem
1501 903 1699 940 monasterio
1716 903 1821 940 sancti
1836 905 1998 942 benedicti
2014 913 2048 943 et
2063 908 2214 944 omnibus
2229 918 2356 955 posses-

1375 960 1519 996 sionibus
1543 961 1626 1009 ejus.
1654 962 1725 997 Hec
1748 967 1781 997 01
1805 973 1865 997 nos
1888 962 1972 999 sicut
1993 976 2012 999 a
2030 971 2142 1000 sancto
2153 967 2356 1013 imperatore

1374 1026 1565 1066 preceptum
1581 1027 1629 1056 est
1645 1020 1870 1062 observamus,
1888 1027 1921 1056 et
1937 1028 1973 1058 01
1985 1022 2027 1057 011
2039 1022 2190 1058 omnibus
2203 1023 2357 1059 observe—

1376 1081 1430 1111 tur
1446 1077 1624 1123 precimus.
1642 1079 1687 1113 Ut
1704 1077 1771 1112 illic
1787 1077 1848 1113 deo
1865 1078 2057 1120 servientes3
2073 1079 2142 1114 sine
2153 1081 2284 1116 turbine
2296 1093 2358 1128 pro

1375 1133 1599 1180 magnitudine
1616 1135 1718 1170 sancti
1731 1135 1865 1182 jmperii
1881 1135 1978 1171 deum
1994 1143 2145 1173 exorent.
2160 1138 2195 1174 Si
2207 1138 2283 1186 quis
2298 1151 2359 1186 pro

1376 1202 1443 1225 uno
1458 1191 1527 1225 solo
1542 1191 1644 1226 verbo
1668 1191 1741 1227 vult
1756 1204 1793 1227 os
1809 1193 1951 1240 aperire.
1970 1193 2037 1230 sive
2053 1193 2214 1230 adducere
2229 1201 2359 1230 contra-

1377 1248 1461 1283 riam
1478 1247 1676 1283 locutionem
1694 1250 1946 1297 presumptionis
1970 1257 2027 1287 aut
2049 1251 2159 1287 damni
2174 1263 2233 1287 scu
2248 1263 2291 1287 ex
2307 1245 2360 1288 re·

1377 1311 1438 1345 bus
1454 1309 1524 1356 ejus
1540 1300 1721 1344 diminuere
1737 1309 1960 1356 temptaverit;
1978 1316 2011 1345 et
2026 1322 2092 1346 non
2108 1322 2184 1346 eum
2196 1312 2314 1360 tjmore
2327 1317 2361 1347 et

1378 1374 1520 1403 tremore
1545 1366 1765 1402 observaverit
1782 1392 1791 1406 ,
1818 1373 1857 1402 ut
1873 1372 2076 1413 contemptor
2103 1368 2205 1403 sancti
2229 1368 2360 1416 imperii

1374 1423 1567 1474 ‘durissimas
1580 1435 1678 1470 penas
1702 1429 1734 1458 et
1748 1423 1862 1470 capitis
1878 1423 2044 1458 excidium
2061 1424 2230 1460 sustineat.
2245 1430 2286 1460 ut
2301 1424 2362 1460 1100

1379 1474 1461 1532 pena
1479 1484 1659 1519 sustineant
1675 1483 1733 1530 qui
1753 1482 1822 1518 sine
1845 1483 1993 1519 doctrina
2017 1488 2105 1518 sunt.
2132 1483 2186 1518 1111
2208 1494 2289 1519 vero
2304 1482 2363 1530 qui

1379 1540 1553 1588 prudentes
1566 1546 1655 1576 sunt.
1663 1541 1801 1589 vigjlent
1812 1546 1849 1576 ut
1863 1540 2044 1576 custodiant
2056 1548 2248 1590 preceptum
2261 1541 2365 1578 saneti

1375 1599 1523 1650 jmperii.
1533 1610 1631 1647 quem
1647 1599 1724 1634 fecit
1741 1598 1782 1634 de
1794 1599 1953 1647 prephato
1968 1599 2179 1635 monasterio.
2192 1606 2226 1636 et
2236 1611 2295 1636 nos
2307 1599 2364 1635 de·-

1380 1657 1487 1692 dimus
1498 1668 1610 1692 mense
1623 1656 1801 1692 februario.
1816 1656 1996 1693 lndictione
2008 1657 2114 1704 prima
2121 1683 2129 1692 .
2255 1661 2258 1662 ’

1463 1722 1524 1763 (Ex
1538 1721 1607 1763 Reg.
1624 1722 1697 1754 Petri
1710 1722 1899 1755 Diac.—F01.
1918 1721 2005 1754 LXIX
2019 1731 2106 1760 verso,
2122 1730 2151 1754 n.
2170 1721 2261 1762 156.)

1281 1857 1439 1911 xvlll.

1010 1976 1119 2019 1019
1132 1956 1315 2021 41101100
1334 1978 1437 2021 1111110
1447 1979 1640 2022 -11111101.
1661 1980 1706 2034 IL·

573 2088 709 2123 Finium
725 2089 799 2135 agri
823 2089 956 2124 Troiani
971 2090 1134 2138 descriptio
1150 2093 1238 2138 faeta
1254 2103 1275 2127 a
1289 2093 1414 2129 Basilio
1430 2094 1556 2129 Boiano
1572 2094 1835 2141 protospathario
1856 2094 2020 2142 Campano
2037 2095 2162 2132 Italiae.

406 2197 437 2245 †
452 2201 522 2232 Των
547 2209 615 2232 avo
639 2208 701 2240 της
725 2190 916 2236 &aaronem
938 2209 1010 2234 των
1028 2211 1214 2246 αρειανιτων
1238 2212 1343 2242 κομη-

361 2267 431 2290 *rm
456 2266 692 2302 ευπροοιιρετως
714 2258 1001 2291 αποσπασθεντων
1017 2258 1195 2303 Φραγγων.
1215 2270 1269 2291 και
1287 2269 1344 2294 τω

363 2323 442 2359 μερει
468 2324 532 2346 του
558 2323 719 2359 κραταιου
744 2324 797 2346 και
818 2325 918 2357 αγιου
941 2325 1032 2354 mear
1059 2318 1219 2353 υκσιλεως
1243 2328 1344 2363 προσ-

364 2380 509 2416 pvervm.
529 2382 584 2404 και
610 2381 650 2408 εις
665 2381 709 2403 το
724 2369 755 2407 εξ
772 2381 1011 2410 αμγηιονευτων
1032 2382 1155 2417 χρονων
1179 2383 1345 2412 συμπτω-

363 2427 432 2460 Ser.
450 2437 517 2473 παρ
541 2439 631 2468 mum
647 2439 686 2462 τε
711 2429 929 2461 ανακοιινισὸεν
953 2439 1007 2460 xxi
1024 2430 1265 2475 κοιτοχυρωθεν
1285 2442 1346 2464 κοι-

364 2496 463 2533 στρον
487 2498 505 2520 ο
522 2488 603 2528 φασι
620 2484 732 2534 τρωέις
747 2497 794 2527 τη
811 2496 917 2528 ενουση
931 2498 1003 2527 mm
1026 2480 1155 2530 σπουδη
1173 2501 1227 2522 και
1247 2501 1346 2536 emps-

365 2553 442 2585 χεια,
466 2545 803 2586 κατασκηνωὸεντων.
820 2544 1071 2585 εξαιτησαμενων
1086 2557 1154 2579 mro
1170 2556 1241 2581 των
1256 2550 1348 2590 πλη-

364 2602 543 2641 σιαζοντων
566 2611 678 2638 αυτοις
702 2604 845 2635 λοιπων.
862 2612 910 2633 τοι
932 2612 996 2635 του
1019 2613 1177 2637 τοιουτου
1201 2615 1349 2651 καστρου

366 2665 481 2702 συνορα
505 2667 691 2698 εκκοπηναι.
707 2669 760 2692 και
786 2669 831 2691 το
849 2668 901 2696 ους
917 2668 1030 2696 wreus
1053 2663 1274 2701 υπεκλινοιμεν.
1293 2674 1347 2695 και

366 2722 525 2758 vapor-ros
548 2725 678 2748 ιωοιννου
701 2716 1011 2762 πρωτοσπαθαριου
1034 2726 1099 2750 'rou
1118 2728 1179 2758 της
1203 2715 1350 2765 ἀλφεραί-

367 2781 430 2808 νοις·
450 2768 622 2813 butam-lov
645 2770 885 2821 τοπῡτηρητοῦ
910 2768 1058 2814 αδελφοῦ
1081 2772 1351 2824 &wod-Mones

369 2839 433 2863 του
454 2823 638 2876 μαραλδου.
666 2831 831 2872 environ
855 2829 1102 2880 χαρτουλαριόυ
1130 2832 1193 2869 τοῦ
1221 2831 1353 2882 ματερί-

366 2898 444 2922 mou.
462 2898 604 2935 πασσαρι
630 2902 684 2924 κου
698 2886 863 2932 βιζοιντίου
878 2903 948 2926 των
964 2888 1122 2933 κομῆτων
1139 2906 1199 2936 της
1216 2908 1347 2943 acopo-⁷15.

367 2936 538 2990 μοιραγδου
551 2937 748 2986 δομεστίκου
762 2944 827 2983 τοῦ
843 2950 989 2989 θεμουτος
1000 2961 1054 2984 και
1071 2961 1183 2999 ετερων
1195 2952 1349 2990 πολλῶν.

1434 2201 1547 2242 Quum
1576 2202 1713 2243 Franci,
1741 2203 1800 2249 qui
1823 2203 1862 2238 de
1887 2202 2056 2239 dominatu
2085 2209 2178 2240 erant
2202 2204 2368 2242 Comitum

1385 2277 1629 2319 Arianensium,
1640 2278 1681 2314 ab
1693 2279 1799 2327 iisque
1816 2286 1930 2327 sponte
1942 2280 2160 2323 desciverant,
2179 2288 2289 2330 partes
2307 2295 2363 2332 po-

1386 2357 1484 2392 tentis
1499 2362 1532 2393 et
1545 2358 1648 2393 sancti
1661 2359 1765 2394 nostri
1779 2360 1988 2407 Imperatoris
2006 2361 2123 2403 secuti,
2137 2361 2172 2397 in
2184 2362 2364 2403 civitatem,

1386 2436 1428 2470 ab
1457 2437 1692 2485 antiquissimis
1717 2439 1920 2486 temporibus
1943 2439 2151 2476 destructam.
2168 2447 2202 2477 et
2225 2454 2244 2477 a
2275 2442 2370 2478 nobis

1388 2527 1507 2563 magno
1524 2517 1631 2553 studio
1646 2523 1679 2553 01
1695 2518 1862 2555 celeritate
1879 2523 2096 2554 restauratam
2113 2520 2240 2556 0111000
2259 2522 2369 2557 muni-

1389 2601 1470 2638 tam,
1503 2608 1589 2644 quae
1612 2597 1709 2632 Troia
1734 2603 1885 2640 vocatur,
1912 2599 2231 2646 transmigraverint,
2262 2601 2366 2647 petie·

1390 2674 1522 2722 rintque
1547 2680 1585 2710 ut
1607 2687 1625 2710 a
1642 2673 1910 2723 reliquisjeorum
1926 2676 2071 2712 finitimis
2087 2676 2271 2723 praedictae
2288 2678 2370 2714 civi-

1391 2751 1467 2786 tatis
1483 2752 1613 2787 termini
1630 2751 1946 2793 discriminarentur,
1971 2763 2066 2787 aures
2082 2753 2121 2788 iis
2139 2753 2366 2800 praebuimus.

1391 2825 1424 2855 et
1454 2821 1675 2867 praesentibus
1701 2821 1820 2856 Ioanne
1845 2821 1884 2856 de
1908 2821 2062 2857 Alserana
2088 2823 2367 2870 Protospathario.

1393 2887 1547 2934 Byzantio
1559 2887 1702 2923 eiusdem
1710 2889 1968 2935 Protospotharii
1982 2891 2083 2926 fratre
2095 2895 2129 2926 01,
2135 2889 2274 2932 vicario,
2285 2890 2372 2926 Leo-

1394 2965 1434 2991 ne
1446 2954 1486 2990 de
1498 2954 1824 3002 Maralda,Stephano
1829 2954 2040 2994 Chartulario
2050 2957 2207 2999 Materne,
2219 2957 2370 2998 rasore,
