2560 3646
1165 338 1365 375 —574...

265 412 441 444 carbonellus
462 412 592 442 lordanus
615 411 636 439 t.
662 408 734 439 378.

261 464 392 494 Carboni
415 462 537 500 (Ursoleo
558 460 602 500 de)
625 468 765 501 possessor
785 459 883 501 praedii
905 460 932 490 in
953 467 1020 500 agro
1042 458 1148 492 Tarenti
1170 460 1222 494 49.

261 512 439 545 carbonellus
461 509 609 542 Guilelmus
631 510 703 548 220,
721 513 748 542 et
769 509 923 541 'tancredus
937 512 969 542 tt.
989 509 1065 548 199,
1082 509 1154 547 201,
1171 509 1243 543 202.

259 581 300 589 -
320 563 463 599 ilenricus,
486 560 599 604 §cippos
612 585 621 600 ,
644 560 780 603 llogerius
801 564 827 594 et
849 562 982 594 Iordanus
1005 564 1036 593 tt.
1060 561 1133 593 522.
1157 561 1246 603 Roge-

299 616 356 646 rius
378 612 450 646 352.
771 630 774 632 “

258 665 425 696 Car-huneris
446 664 598 697 Gulielmus
617 664 699 695 donat
719 664 879 696 monasterio
900 663 931 695 S.
949 663 1048 695 Mariae
1062 663 1096 695 de
1110 662 1245 695 Turribus

299 714 440 746 ecclesiam
460 714 492 745 S.
516 714 648 746 Theodori
671 714 875 746 123—Emma
896 714 956 746 eius
976 722 1050 747 uxor
1073 714 1143 746 125.
1167 735 1169 738 -

258 764 425 796 Carbuneris
439 764 592 796 'Riccardus
612 767 634 796 t.
661 764 730 796 124.

258 813 401 845 Carbunes
422 813 579 846 Theodorus
601 815 721 846 notarius
744 815 814 847 152.

261 864 382 896 Carbuni
404 865 519 896 filiorum
540 865 647 906 praedia
673 866 743 897 137.

257 916 388 948 Carbuno
410 916 452 958 (S.
477 917 639 950 Anastasius
660 917 703 959 de)
727 916 797 950 126.
821 917 856 949 V.
880 917 1081 949 Monasterium.

258 967 404 1000 Carcarelli
424 967 547 1000 Andreae
567 971 596 1000 et
616 968 699 1000 Galae
713 968 746 1000 de
760 968 883 1000 Messana
898 967 1007 999 tabulae
1021 966 1153 1009 nuptiales
1166 966 1239 999 493.

258 1019 430 1051 Carcarellus
451 1019 617 1061 Peregrinus
637 1019 710 1052 493.

256 1090 299 1095 ——
321 1072 434 1104 loannes
456 1071 605 1103 tabularius
625 1070 763 1111 Tropaeae
784 1069 856 1101 236.

257 1122 424 1164 Cardopatus
444 1122 560 1153 Basilius
581 1121 653 1153 389.

256 1172 372 1204 Cartitza
392 1171 448 1203 Iseo
468 1175 489 1202 t.
513 1170 586 1202 287.

253 1219 482 1262 Καρφιπέταλα,
505 1214 627 1251 monetae
648 1228 747 1262 genus,
770 1220 843 1252 341.

254 1271 364 1304 Cariato
385 1272 450 1311 (Leo
471 1272 516 1312 de)
536 1275 558 1303 t.
584 1271 655 1305 111.

253 1324 364 1356 Cariota
385 1324 513 1362 Basilius,
537 1323 685 1365 Gregorius
707 1327 735 1355 et
754 1323 800 1355 alii
821 1333 864 1356 vv.
890 1324 959 1356 184.

255 1373 445 1407 Camelabaris
467 1378 488 1406 t.
511 1374 584 1407 494.

253 1427 379 1459 Caroleni
399 1427 518 1469 argentei
541 1426 612 1459 506.

254 1479 343 1511 Caroli
365 1479 378 1510 l
400 1479 479 1511 tituli:
503 1479 609 1510 Siciliae
629 1478 702 1517 Rex,
726 1478 840 1510 ducatus
861 1478 986 1520 Apuliae,
1009 1477 1171 1519 principatus
1186 1477 1239 1510 Ca-

293 1538 375 1570 puae,
385 1529 555 1570 Andegaviae
569 1529 675 1560 ditionis
696 1531 723 1559 et
742 1527 926 1570 Forcalqnerii
947 1527 1046 1561 Comes
1067 1528 1141 1565 431,
1164 1528 1237 1567 433,

290 1580 353 1611 435
366 1604 374 1618 ,
397 1579 457 1611 437
472 1604 480 1617 ,
503 1579 576 1611 438.
610 1579 791 1620 Forcalquerii
813 1582 840 1610 et
868 1578 1023 1612 Provinciae
1044 1579 1142 1612 Comes
1163 1580 1237 1619 439,

290 1633 364 1670 444,
387 1631 461 1670 446,
484 1633 557 1670 448,
579 1632 652 1669 449,
675 1631 749 1670 450,
772 1631 845 1670 451,
868 1632 942 1671 453,
965 1632 1041 1669 455,
1066 1633 1138 1671 458,
1162 1632 1238 1671 461,

291 1682 366 1721 462,
388 1681 460 1720 464,
477 1682 549 1720 468,
566 1683 639 1714 471.
654 1682 771 1714 Sanctae
785 1681 868 1714 Urbis
882 1683 996 1714 Senator
1010 1688 1038 1715 et
1051 1684 1164 1715 Romani
1179 1685 1235 1715 Irn-

291 1735 360 1776 perii
379 1734 407 1765 in
427 1734 527 1766 Tuscia
546 1742 596 1776 per
616 1737 735 1766 sanctam
760 1734 910 1767 Romanam
942 1735 1092 1766 Ecclesiam
1112 1736 1236 1768 vicarius

290 1785 424 1827 generalis
445 1785 519 1824 475,
542 1785 617 1823 478,
639 1784 713 1824 482,
736 1784 808 1823 486,
832 1786 905 1823 488,
927 1785 1001 1817 492.
1023 1785 1133 1817 litoreae
1156 1785 1235 1817 Prin-

291 1847 356 1880 ceps
376 1842 404 1870 et
423 1837 573 1871 'tornodori
593 1836 692 1870 Comes
712 1837 787 1876 491,
809 1837 882 1876 493,
904 1837 977 1870 495.

253 1887 343 1920 Caroli
363 1886 391 1918 ll
412 1886 494 1919 tituli:
516 1885 686 1918 Hierusalem
706 1889 733 1918 et
754 1885 862 1918 Siciliae
887 1885 947 1918 Rex
966 1910 974 1924 ,
991 1885 1106 1927 ducatus
1125 1884 1239 1926 Apuliae

291 1942 319 1971 et
339 1939 500 1980 principatus
521 1937 649 1980 Capuae,
666 1938 772 1970 Moreae
787 1938 925 1980 Princeps,
937 1937 1106 1979 Andessaviae
1127 1937 1238 1969 Provin-

292 1992 349 2022 ciae
370 1993 398 2022 et
417 1989 597 2031 Forcalquerii
618 1987 715 2021 Comes
735 1989 810 2027 497,
832 1988 906 2027 499,
931 1988 1003 2021 501.

252 2041 388 2083 Carpineti
408 2042 493 2078 collis,
516 2039 611 2080 φιλίτη
633 2040 738 2079 βουνός,
761 2041 790 2072 in
811 2049 876 2082 agro
898 2040 1028 2079 Troiano,
1054 2040 1104 2079 19,
1128 2040 1179 2073 21.

253 2093 391 2126 Cari-anus
411 2095 545 2135 Rogerius
565 2094 708 2134 strategus
730 2092 852 2125 Circlarii
873 2093 945 2131 244,
971 2092 1042 2125 309.

253 2144 405 2188 Carricatae
429 2145 504 2176 vinea
524 2145 552 2176 in
574 2152 640 2186 agro
661 2144 782 2176 Circlarii
807 2144 877 2175 191.

254 2195 391 2226 Carrinato
413 2195 573 2235 (Guilelmus
593 2195 639 2236 de)
661 2199 681 2225 t.
709 2196 780 2227 150.

253 2247 355 2277 Carrus
376 2246 491 2277 Basilius
511 2250 533 2278 t.
557 2246 630 2283 238,
652 2245 725 2284 239,
748 2254 886 2286 possessor
907 2246 1006 2287 praedii
1026 2247 1054 2278 in
1075 2255 1139 2287 agro
1161 2245 1239 2278 Bria-

295 2299 340 2329 tici
362 2298 433 2335 447,
455 2298 528 2336 448,
551 2297 623 2329 460.
754 2311 756 2314 ·

252 2348 359 2389 Kipipa
378 2348 493 2390 ταρῖων,
516 2349 601 2380 librae
623 2352 779 2381 tarenorum
799 2352 907 2390 quarta,
932 2348 1003 2381 376.

254 2399 387 2433 Carucius
408 2400 559 2432 Gulielmus
580 2404 600 2432 t.
626 2400 696 2432 110.

255 2448 337 2481 Casa.
362 2450 394 2481 V.
419 2451 532 2482 Domus.

255 2499 412 2533 Casalinum
434 2502 485 2533 25.

255 2551 420 2583 Casamonae
443 2555 485 2584 via
506 2554 533 2584 in
554 2552 680 2584 Calabria
701 2553 773 2592 554,
798 2553 915 2595 Campus
938 2553 1001 2586 ibid.

255 2602 387 2635 Casanitis
408 2605 501 2635 Niceta
521 2607 544 2636 t.
570 2604 640 2636 131.

257 2654 345 2686 Casile
366 2656 398 2687 4.

257 2705 400 2737 casinense
421 2706 589 2738 coenobium.
615 2707 648 2739 V.
672 2708 871 2739 Monasterium.

258 2752 349 2784 Casini
368 2758 489 2786 castrum
510 2756 540 2787 2.

260 2822 300 2827 —
321 2807 439 2836 notarius
460 2807 587 2839 Nicolaus
609 2808 680 2839 223.

261 2854 347 2885 Casiri
366 2855 471 2887 Ioannis
492 2859 588 2891 domus
608 2860 635 2890 in
656 2861 760 2892 civitate
782 2860 938 2894 Seminarae
959 2860 1031 2893 392.

262 2904 386 2942 Cassam,
399 2906 541 2946 Κασάνον,
557 2911 655 2942 mentio
670 2910 720 2949 33,
737 2910 1001 2944 34—-Cassanenses
1016 2910 1140 2953 episcopi:
1158 2909 1240 2942 Sasso

303 2955 355 2994 86,
380 2956 472 2990 vitalis
495 2959 563 2991 116.

1290 409 1422 442 Cassaniti
1442 417 1470 443 n.
1494 413 1513 443 l.
1537 411 1564 443 in
1586 410 1711 444 Calabria
1733 412 1802 443 117.

1289 458 1415 492 Castania
1434 469 1463 493 n.
1487 461 1506 492 l.
1531 461 1559 493 in
1579 469 1645 504 agro
1666 461 1842 503 Agriotberae
1863 461 1935 496 361.

1288 505 1437 542 Castanites
1457 511 1590 554 Georgius
1612 522 1637 544 v.
1662 513 1735 545 559.

1289 559 1479 600 Καστανῖτον,
1502 565 1679 601 castanetum,
1707 563 1776 602 137,
1801 562 1874 603 297,
1897 562 1970 603 300,
1994 561 2066 597 301.

1288 610 1442 643 Castanitus
1462 611 1612 644 Gulielmus
1632 617 1654 646 t.
1679 614 1751 647 238.

1287 661 1455 694 castellanus
1476 662 1589 695 loannes
1609 666 1730 698 notarius
1749 664 1964 700 331-Baiulus
1985 665 2125 699 Nicotora'e
2145 663 2219 698 339.

1287 714 1411 745 Castellis
1430 713 1593 755 (Gulielnius
1614 716 1658 757 de)
1679 721 1701 748 t.
1725 717 1798 749 493.

1287 763 1421 795 Castinnii
1443 764 1579 804 praedium
1600 765 1627 796 in
1648 775 1713 807 agro
1735 767 1843 798 Tarenti
1864 767 1936 799 248.

1286 813 1420 845 Castolius
1442 814 1513 845 filius
1533 815 1681 855 presbyteri
1701 816 1803 848 Nicolai
1823 826 1960 859 possessor
1981 817 2082 859 praedii
2101 816 2174 860 215.

1286 862 1464 906 Καστρηνός,
1488 866 1564 904 civis,
1589 866 1640 898 54.

1286 915 1384 947 Castrii
1405 919 1479 947 terra
1499 916 1526 947 in
1547 917 1660 949 Graecia
1680 917 1742 950 534
1763 922 1791 950 et
1811 928 1885 961 seqq.

1285 967 1456 999 castrimaris
1478 968 1666 1010 Camerlingus
1687 970 1798 1002 Alsanus
1820 971 1891 1004 196.

1285 1020 1434 1052 Castrinovi
1456 1021 1554 1052 mentio
1578 1020 1648 1059 128,
1673 1021 1763 1054 204.“

1285 1068 1381 1102 Castro
1402 1069 1538 1111 (Acilmeri
1558 1070 1603 1111 de)
1623 1071 1731 1112 praedia
1751 1072 1779 1103 in
1800 1081 1866 1114 agro
1888 1073 1972 1105 Aetae
1993 1073 2065 1105 546.

1286 1119 1520 1162 Καστροκτησῖα,
1544 1121 1676 1154 auxilium
1695 1131 1743 1164 pro
1765 1123 1873 1156 castello
1894 1124 2070 1162 aedificando,
2094 1124 2146 1157 55.

1285 1167 1383 1202 Castro
1403 1171 1471 1202 mari
1492 1172 1614 1212 (Mansus
1634 1172 1678 1213 de)
1700 1176 1721 1205 t.
1745 1173 1818 1205 372.

1284 1220 1462 1253 Castroveteri
1482 1221 1644 1263 (Riccardus
1664 1222 1708 1264 de)
1729 1225 1751 1255 t.
1775 1223 1847 1255 418.

1284 1272 1465 1304 Castrovillari
1486 1272 1632 1315 (Rogerius
1653 1274 1697 1315 de)
1718 1283 1880 1307 oeconomus
1901 1276 1932 1307 S.
1956 1276 2080 1309 Phantini
2100 1277 2172 1309 374.

1283 1321 1410 1354 Castrum
1429 1322 1456 1353 in
1478 1322 1615 1355 Calabria.
1638 1324 1737 1357 Mentio
1757 1325 1874 1358 fluminis
1894 1328 1964 1368 quod
1986 1327 2122 1359 descendit
2141 1335 2158 1358 a
2172 1326 2267 1359 Castro

1281 1424 1409 1458 Castrum
1430 1426 1530 1458 dictum
1552 1427 1634 1459 Petra
1656 1427 1746 1466 Coeci,
1758 1426 1859 1469 Πέτρα
1880 1429 1931 1460 τοῦ
1951 1430 2071 1468 Τυφλοῧ,
2083 1431 2155 1472 apud
2176 1430 2262 1463 Ursu-

1323 1477 1380 1508 lum
1405 1477 1455 1509 15.

1281 1528 1408 1561 Οᾶεῑῐᾞω
1429 1532 1519 1567 velus,
1545 1527 1716 1561 Καστέλλον
1737 1528 1850 1572 Υέτερον
1871 1529 1912 1562 vel
1933 1530 2060 1572 Βέτερον,
2075 1532 2116 1562 vel
2136 1535 2270 1563 Παλαιο-

1322 1578 1456 1621 πάσα-ρον,
1475 1583 1503 1611 et
1518 1580 1589 1621 apud
1604 1580 1730 1611 Barrium
1743 1579 1940 1619 Castrovetum‚
1957 1581 2013 1613 ital.
2033 1582 2213 1615 Gastdvetere
2228 1583 2268 1614 vel

1324 1630 1542 1669 Gastclvecchim
1566 1630 1708 1663 Calabriae
1732 1631 1866 1673 oppidum.

1363 1681 1451 1712 Baiuli
1466 1681 1629 1723 Peregrinus
1643 1685 1670 1713 et
1683 1682 1809 1713 Nicolaus
1829 1682 1861 1714 de
1883 1682 2013 1723 scyllacio
2034 1682 2106 1716 399.

1364 1731 1533 1764 Castellanus
1554 1733 1683 1766 Nicolaus
1704 1733 1817 1765 Pilzinni
1837 1733 1878 1766 vel
1899 1733 2027 1766 Picernus
2048 1734 2120 1765 399.

1363 1783 1451 1815 Iudex
1466 1779 1578 1814 Ioannes
1593 1782 1665 1816 399.

1363 1834 1459 1866 Mentio
1480 1834 1553 1873 401,
1578 1835 1650 1866 557.

1362 1878 1554 1918 monasterium
1574 1886 1605 1918 S.
1629 1887 1736 1919 loannis
1757 1887 1791 1920 de
1812 1886 1893 1919 Alaro
1915 1886 1988 1920 307.
2013 1887 2046 1920 V.
2080 1888 2193 1920 Monast.

1362 1938 1490 1970 Notarius
1510 1938 1632 1970 Andreas
1653 1938 1726 1971 399.

1362 1989 1512 2031 Protopapa
1531 1990 1644 2022 Arcalus
1666 1989 1738 2021 253.

1362 2040 1496 2072 Sententia
1517 2040 1590 2081 397.

1361 2092 1505 2132 Strategus
1524 2092 1642 2124 Thomas
1663 2091 1734 2124 399.

1363 2143 1526 2175 Tabularius
1550 2143 1665 2175 Basilius
1686 2142 1824 2185 presbyter
1845 2143 1917 2175 243.

1280 2195 1407 2227 Castrum
1427 2199 1515 2233 vetus,
1537 2195 1610 2226 collis
1631 2195 1658 2226 in
1679 2194 1818 2233 Calabria,
1842 2195 1911 2226 152.

1279 2246 1414 2278 Catacallo
1435 2245 1616 2286 (Arcuiuenus
1636 2245 1681 2285 de)
1702 2248 1722 2279 t.
1750 2243 1818 2275 142.

1280 2298 1373 2330 Cataci
1394 2297 1532 2339 presbyter
1551 2301 1573 2328 t.
1600 2297 1669 2328 118.

1280 2350 1431 2387 Cataoium,
1456 2346 1664 2389 Κατανζαίριον,
1688 2346 1744 2378 ital.
1768 2346 1928 2384 Cata-maro,
1951 2346 2092 2379 Calabriae
2111 2347 2217 2380 civitas.

1363 2400 1574 2432 Archidiaconus
1595 2398 1714 2430 eiusdem
1735 2398 1807 2429 421.

1363 2450 1490 2484 canonici
1509 2449 1582 2487 378,
1605 2448 1677 2485 418,
1701 2447 1773 2486 421,
1796 2447 1867 2479 436,

1364 2503 1465 2534 Cantor
1487 2501 1559 2533 421.

1364 2552 1517 2594 Capitulum
1538 2551 1610 2583 419.

1363 2603 1474 2637 Domus:
1499 2601 1645 2634 Alexandri
1667 2600 1740 2639 502,
1765 2601 1857 2632 Arceri
1878 2600 1956 2636 ibid.,
1982 2600 2104 2631 baliis-'iae
2125 2601 2196 2638 436,
2210 2601 2262 2633 Fa·

1324 2656 1426 2696 stegiae
1447 2654 1520 2692 491,
1544 2653 1690 2686 Lombardi
1710 2651 1783 2690 436,
1804 2651 1927 2683 Mahiiiae
1948 2650 2020 2686 422,
2044 2652 2174 2683 Penteniti
2190 2652 2262 2689 422,

1323 2705 1355 2736 de
1377 2705 1537 2746 Presbytero
1560 2703 1632 2742 502,
1659 2703 1738 2744 Rapti
1759 2702 1839 2739 ibid..
1861 2700 2006 2732 Zachariae
2027 2701 2100 2732 492.

1365 2754 1468 2786 Dotalia
1489 2755 1664 2785 iustrumenta
1687 2752 1784 2784 ibidem
1806 2751 1915 2782 condida
1937 2750 2008 2789 366,
2032 2751 2105 2787 377,
2130 2750 2200 2782 435.

1365 2804 1510 2836 Ecclesiae:
1532 2803 1563 2836 S.
1582 2803 1700 2835 Ananiae
1721 2802 1794 2839 419,
1811 2801 1842 2833 S.
1860 2801 1954 2842 Angeli
1976 2800 2169 2832 ltlalfitanorum
2187 2802 2259 2837 536,

1323 2853 1354 2887 S.
1379 2854 1503 2895 Cyriaces
1524 2853 1597 2890 420,
1620 2853 1651 2884 S.
1675 2852 1775 2883 Mariae
1789 2853 1823 2883 de
1837 2852 1910 2884 Colle
1932 2852 2045 2892 Capurri
2069 2851 2141 2889 502,
2165 2851 2195 2882 S.
2214 2851 2261 2881 Ni-

1322 2907 1390 2938 colai
1412 2906 1522 2938 Ustunci
1544 2905 1604 2937 422
1628 2905 1667 2936 vel
1688 2905 1721 2936 de
1744 2903 1876 2935 Rustuuci
1898 2903 1970 2935 491.

1367 2959 1515 3000 Episcopus
1536 2959 1680 2989 catacensis
1702 2956 1861 2988 constitutus
1876 2955 1910 2988 ab
1927 2955 2075 2997 Apostoliea
2097 2954 2166 2986 Sede
2182 2955 2263 2986 iudex
