2560 3646
0 299 11 329 Ἦ,
0 259 10 296 W
0 160 13 256 :ow-
0 96 14 156 ›lflt'ff‘rv
0 62 15 93 ἶ-φἾ
0 26 12 58 (ΨΧ
0 0 14 21 Π

1192 346 1388 381 -565-

326 415 432 447 civitate
452 414 590 457 Callipolis
610 416 682 448 stt.

1315 412 1462 444 Archivum
1484 413 1714 452 Panormitam,
1739 415 1854 456 praerat.
1877 425 1902 457 p.
1928 414 2002 447 xlv.

372 467 494 500 Ecclesia
520 467 553 500 S.
570 468 694 511 Procopii
708 469 735 501 in
749 476 816 510 agro
833 467 954 502 eiusdem
968 468 1057 497 terrae
1070 463 1184 494 Aradaei
1200 462 1271 494 525.
1317 463 1490 495 Archontissa
1511 464 1636 505 (loannes
1656 465 1700 506 de)
1721 475 1747 497 v.
1771 466 1842 498 328.

371 518 515 560 Presbyter
529 523 558 551 et
571 524 716 562 protopapa
730 519 843 552 loannes
865 517 937 549 514.

287 570 394 604 Araden
414 570 545 605 Nicoleus
565 575 586 603 t.
611 573 683 605 258.

289 623 372 655 Aradi
393 624 544 666 Gregorius
564 625 635 656 tilius
647 624 745 656 Leonis
765 625 793 654 et
806 622 889 653 irater
909 619 1022 652 michael
1036 617 1152 651 verutum
1165 617 1276 650 Nicolao

336 674 490 707 caballario
511 676 614 707 vineam
635 675 662 706 in
683 682 750 716 agro
770 672 892 714 Scyllaoii
914 666 986 703 344.

289 725 421 767 Aratissoti
444 726 565 767 Caloeyri
585 726 682 758 domus
702 726 730 757 in
749 725 856 757 civitate
877 722 1013 764 Callipolis
1034 722 1106 754 516.

289 775 383 808 Aratis
403 777 565 817 (Gulielmus
585 777 626 808 de«
641 775 802 820 presbytera
823 775 1027 818 cognominum
1046 773 1092 816 de)
1114 773 1185 806 501.

292 826 394 859 Aratus
414 836 492 859 mous
513 828 541 859 in
561 835 628 869 agro
649 826 747 859 Troiae
767 826 820 858 21.

291 878 466 921 Ἀρνητικὸν,
488 878 663 921 herbagium,
685 878 759 911 329.

289 929 380 961 Arbes
399 929 525 961 Britunes
546 938 687 971 possessor
705 930 778 962 feudi
798 930 826 961 in
847 938 914 972 agro
935 931 1021 962 Aetas
1042 928 1126 961 329.-

292 979 360 1011 Arbi
381 980 490 1012 cultura
510 981 538 1012 in
559 981 687 1013 Calabria
708 982 780 1014 555.

291 1029 410 1061 Arcadia
431 1029 572 1070 (Nicolaus
592 1031 639 1072 de)
661 1031 735 1063 299.

289 1081 423 1114 Arcadius
444 1082 574 1116 Notarius
595 1082 777 1126 sichelgaitae
798 1083 957 1116 marchisiae
996 1082 1066 1113 129.

291 1132 422 1164 Arcarius
443 1133 536 1166 Simon
558 1138 578 1165 t.
603 1134 678 1166 477.

292 1185 387 1216 Areeri
409 1186 542 1218 Theodori
564 1187 660 1219 domus
682 1187 709 1218 in
731 1188 837 1219 civitate
858 1187 959 1219 Catacii
981 1185 1055 1217 502.

294 1237 455 1278 Archangeli
479 1238 602 1278 planities
622 1238 649 1268 in
669 1238 795 1270 Calabria
814 1238 889 1270 296,

291 1306 333 1312 -
355 1289 482 1329 (Cultura
502 1288 548 1329 S.)
570 1290 597 1319 in
618 1288 751 1321 Calabria⁴
766 1290 840 1322 297.

295 1339 464 1381 Archangelo
485 1339 612 1380 (loannes
632 1341 666 1372 de
688 1341 734 1380 S.)
755 1341 909 1374 Colubrarii
930 1342 1011 1374 index
1030 1342 1102 1374 312.

295 1409 337 1415 —-
358 1392 484 1432 (loannes
505 1391 539 1423 de
559 1391 605 1432 S.)
626 1395 648 1425 t.
674 1392 744 1425 189.

297 1439 484 1485 Amhang'etus
506 1443 659 1476 loannicius
673 1446 821 1478 monachus
843 1447 969 1479 nonnulla
983 1447 1054 1478 bona
1076 1447 1238 1479 monasterio
1248 1445 1279 1477 S.

336 1493 424 1525 Mauri
445 1494 526 1526 donat
547 1494 619 1525 516.

302 1544 526 1586 Archiepisoopus
547 1544 723 1578 Consentinus
743 1546 874 1578 Amutcus
894 1546 944 1578 86.

295 1612 336 1618 -
359 1594 497 1636 Rheginus
512 1596 655 1628 Antaei-ius
679 1597 729 1627 70.
758 1597 790 1628 V.
804 1596 1122 1638 Antzerius—Rogerius
1136 1598 1189 1636 85,
1201 1597 1284 1630 86-

334 1644 468 1685 Rogerius
490 1645 571 1676 tradit
585 1645 637 1677 sub
652 1654 742 1678 annua
763 1648 942 1688 praestatione
956 1648 1064 1679 cuidam
1079 1646 1195 1689 Rogerio
1218 1655 1283 1679 non-

338 1694 428 1727 nullas
444 1695 535 1727 vineas
556 1695 628 1729 230.

298 1764 340 1770 --
363 1745 537 1779 Rossanensis
561 1747 674 1781 Coemas
690 1749 931 1781 141-Romanus
953 1749 1150 1781 69-loannes
1161 1749 1233 1781 225.
1248 1749 1280 1781 V.

341 1797 454 1828 Mouast.
478 1797 509 1828 S.
527 1797 635 1829 loannis
656 1799 690 1830 do
706 1798 1078 1842 Calveto—Arcliiepiscopus
1092 1800 1282 1834 mazariensis,

341 1848 389 1888 qui
409 1847 524 1889 diploma
545 1849 606 1880 anui
630 1849 707 1881 1091
732 1851 837 1882 nomine
858 1850 965 1892 Rogerii
981 1851 1062 1883 Ducis
1083 1851 1188 1889 ltaliae,
1206 1851 1284 1883 Cala-

338 1898 416 1929 briae
429 1903 456 1930 οι
470 1899 576 1931 Siciliae
590 1900 737 1938 roboravit,
754 1910 849 1933 nomen
871 1911 952 1933 suum
974 1901 1132 1943 subscripsit
1151 1902 1285 1943 prioribus

338 1949 424 1980 solum
438 1949 536 1981 litteris
550 1952 654 1992 graecis
676 1964 723 1992 ρω,
745 1957 776 1984 ut
789 1953 879 1984 videre
893 1957 934 1984 est
948 1954 1017 1984 inter
1032 1954 1175 1994 specimina
1189 1954 1284 1986 chara-

339 2004 442 2031 cterum
464 2009 480 2031 a
496 2000 573 2032 nobis
594 2001 664 2032 edita
685 2003 711 2032 in
731 2006 829 2043 quarta
843 2003 946 2040 tabula,
969 2012 996 2035 n.
1020 2003 1082 2036 Lll.
1106 2004 1222 2036 Eaedem
1243 2006 1284 2036 lit-

339 2055 413 2083 terae
428 2052 455 2084 in
475 2052 535 2084 aliis
556 2053 720 2086 membranis
741 2059 804 2084 sunt
824 2056 916 2095 procul
937 2055 1020 2087 dubio
1041 2057 1154 2088 initiales
1173 2059 1285 2089 nominis

340 2102 458 2144 Rogerii.
483 2102 621 2135 Paschalis
641 2103 754 2141 Baffius,
771 2105 816 2146 qui
838 2109 894 2136 tum
917 2105 967 2137 boc
988 2107 1114 2148 diploma,
1139 2113 1194 2140 tum
1211 2109 1285 2140 aliud

341 2153 404 2183 anni
426 2153 504 2184 1088
527 2153 708 2195 subscriptum
729 2154 764 2186 ab
780 2155 871 2186 eodem
893 2155 1097 2198 Archiepiseopo
1117 2166 1182 2198 prae
1203 2159 1286 2190 oculis

341 2203 448 2241 habuit,
473 2205 512 2235 uti
533 2204 632 2236 dictum
654 2213 670 2235 a
691 2204 768 2236 nobis
788 2210 831 2237 est
852 2207 879 2237 in
900 2205 1068 2238 Praefatione
1089 2216 1150 2249 pag.
1176 2209 1262 2240 XXIV
1277 2233 1284 2247 ‚

342 2262 394 2284 non
415 2253 561 2294 Rogerium
582 2255 629 2286 wd
658 2254 809 2286 Romanum
840 2257 1028 2298 interpretatus
1058 2259 1117 2292 ruit.
1146 2259 1202 2291 Nos
1224 2260 1286 2292 nihil

342 2304 407 2334 tanti
420 2303 579 2342 habuimus,
601 2313 651 2341 eur
671 2304 706 2336 ab
728 2306 787 2336 eius
808 2307 1022 2348 interpretatione
1044 2310 1241 2342 recederemus,

302 2374 343 2379 —
365 2355 395 2386 S.
419 2355 563 2387 Severinae
584 2356 748 2397 metropolita
769 2357 908 2398 Dionysius
929 2359 1001 2396 377,
1028 2360 1100 2399 385,
1124 2363 1194 2394 390.

301 2425 343 2431 -
365 2407 523 2440 Tarentinus
544 2407 813 2440 Basilius—Donatio
827 2410 925 2450 praedii
940 2412 1026 2443 eidem
1045 2413 1115 2444 sacta
1141 2423 1157 2445 a
1171 2416 1286 2456 quodam

344 2459 422 2489 vitali
445 2459 516 2490 248.

303 2510 518 2542 Archimaudrita
541 2510 673 2543 Andreas.
699 2512 732 2542 V.
756 2512 885 2544 Andreas.

303 2580 343 2587 —
367 2560 488 2593 loannes.
516 2562 547 2593 V.
573 2563 699 2595 Ioannes,

303 2614 553 2645 Archimandritalis
573 2615 687 2648 eeclesia
711 2616 743 2647 S.
768 2616 870 2649 Nicolai
890 2618 924 2649 de
947 2619 1118 2658 cyr-Zosimo
1139 2622 1189 2654 46.

304 2665 489 2706 Archiprevite
512 2666 624 2697 loannes
646 2671 666 2698 t.
693 2667 762 2700 134.

309 2717 547 2758 Arobipresbytero
569 2718 694 2758 (loannes
715 2719 760 2760 de)
781 2724 802 2751 t.
826 2720 897 2752 499.

314 2768 459 2799 Archivuni
481 2768 634 2807 Casinense,
657 2771 768 2811 praefat.
793 2781 820 2813 p.
845 2773 904 2811 XV,
930 2773 990 2806 XVI
1013 2779 1040 2806 ct
1062 2776 1163 2808 XVlll.

310 2836 351 2842 --
373 2818 495 2850 cavense
516 2818 568 2850 SS.
592 2819 739 2859 Trinitatis,
762 2822 874 2862 praerat.
898 2832 925 2864 p.
949 2823 1011 2855 xlv
1033 2829 1061 2856 et
1081 2834 1137 2867 seq.

310 2885 352 2892 -
374 2867 589 2908 Neapolitanum,
613 2870 724 2910 praefat.
748 2879 775 2911 p.
799 2871 861 2902 xlv
883 2876 910 2904 et
930 2882 987 2915 seq.

306 2917 507 3000 —vNeg‘im
527 2917 653 2950 eeclesiae
688 2921 854 2962 episcopalis,
884 2923 996 2964 praefat.
1031 2933 1059 2965 p.
1083 2924 1143 2957 XVl
1165 2929 1192 2958 et
1213 2926 1287 2959 xlx.

377 2992 384 3002 .
434 2969 543 3002 eritum.

1316 533 1358 538 -
1379 514 1444 555 (Leo
1466 514 1510 556 de)
1533 520 1556 547 t.
1581 516 1652 547 541.

1317 585 1359 591 --
1379 566 1481 598 Nicolai
1502 567 1646 599 Seumbari
1667 569 1747 599 vidua
1768 569 1879 610 eiusque
1900 569 1954 601 sitia
1975 570 2095 603 Gari-era
2112 569 2226 601 vendunt
2240 567 2297 600 Ma-

1358 618 1415 649 riae
1436 612 1589 649 Peutenitae
1609 618 1720 649 domum
1743 619 1769 650 in
1790 619 1894 651 civitate
1916 621 2017 652 Catacii
2039 620 2113 653 421.

1318 668 1399 699 Areia
1420 667 1566 709 (Robertus
1588 668 1633 708 de)
1655 672 1675 699 t.
1703 669 1772 699 141.

1318 719 1457 751 Amlarius
1477 719 1532 751 Leo
1554 723 1575 751 t.
1600 719 1671 751 382.

1288 804 1290 806 .
1319 772 1415 803 Arelas
1437 771 1535 803 Petrus
1556 771 1674 813 possidet
1695 772 1818 812 aporium
1839 772 1865 802 in
1887 779 1952 812 agro
1975 770 2058 801 Aetne
2079 771 2151 802 516.

1320 823 1436 863 'Apum
1457 822 1530 860 187,
1554 821 1627 859 194,
1651 825 1678 853 et
1699 820 1806 862 ἅρκλον
1828 821 1900 859 356,
1924 820 2027 858 arcula,
2049 820 2169 861 capsula.

1321 871 1484 910 Arcolieum,
1508 880 1535 904 n.
1560 871 1580 904 l.
1605 872 1632 903 in
1653 880 1719 913 agro
1740 871 1832 903 Ursuli
1856 871 1926 903 107.

1320 922 1462 955 Arcolicns
1482 922 1598 955 Basilius
1618 932 1646 955 v.
1673 923 1741 955 18-1.

1321 975 1488 1007 Amomenus
1510 974 1609 1007 Consta
1630 979 1657 1007 et
1679 975 1772 1007 Niceta
1795 974 1869 1006 299.

1321 1027 1529 1069 Arcophagarus
1551 1027 1678 1060 Nicolaus
1698 1027 1770 1060 312.

1322 1079 1480 1112 Arcudacus
1501 1080 1628 1112 Nicolaus
1649 1084 1669 1112 t.
1695 1081 1766 1112 226.

1322 1130 1424 1162 Arcudi
1446 1130 1621 1173 Orophylaeis
1643 1132 1749 1173 praedia
1770 1133 1797 1163 in
1818 1132 1945 1164 Calabria
1967 1131 2019 1162 95.

1323 1182 1488 1213 Arcumanni
1510 1181 1581 1214 filius
1602 1182 1714 1224 Sergius
1735 1193 1760 1214 v.
1787 1184 1837 1214 77.

1323 1235 1496 1266 Arcumauno
1518 1234 1647 1277 (lacobus
1667 1235 1711 1274 de)
1731 1238 1754 1266 t.
1777 1235 1851 1272 445,
1874 1233 1946 1272 ato,
1970 1234 2042 1272 448,
2066 1233 2138 1265 450.

1323 1287 1478 1318 Arcumano
1498 1285 1566 1326 (Leo
1585 1286 1706 1317 notarius
1728 1286 1773 1326 de)
1794 1289 1815 1317 t.
1841 1285 1911 1317 532.

1324 1339 1462 1371 Arcurum
1483 1338 1590 1369 Velluru
1610 1346 1638 1368 n.
1663 1337 1682 1368 l.
1710 1336 1780 1368 135.

1325 1391 1466 1423 Ardavasti
1486 1391 1627 1433 praedium
1648 1390 1675 1421 in
1697 1388 1824 1421 Calabria
1846 1388 1920 1419 279.

1325 1442 1492 1474 Ardavastus
1513 1442 1638 1479 loannes,
1662 1440 1717 1472 Leo
1738 1443 1766 1471 et
1787 1438 1946 1472 Theodorus
1967 1448 2010 1470 vv.
2036 1437 2088 1469 77.

1324 1492 1486 1525 Ardibastus
1507 1492 1640 1534 Georgius
1660 1499 1688 1523 v.
1713 1490 1762 1522 76.

1325 1543 1508 1575 Ardobastus·
1517 1543 1540 1574 N
1544 1543 1645 1574 icolaus
1667 1553 1693 1574 v.
1719 1542 1788 1573 101.

1325 1596 1424 1633 Areae,
1449 1593 1581 1633 ἀλωνίαι,
1605 1603 1634 1626 n.
1658 1595 1678 1626 l.
1704 1594 1775 1625 122.

1325 1648 1415 1679 Areua
1437 1647 1566 1688 (lacobus
1587 1647 1631 1687 de)
1652 1647 1774 1678 notarius
1795 1650 1815 1677 t.
1840 1645 1913 1677 443.

1325 1716 1367 1722 —
1388 1698 1546 1740 (Malgerius
1556 1698 1601 1738 de)
1614 1697 1686 1729 filius
1701 1698 1798 1729 notarii
1811 1696 1902 1729 lacobi
1917 1700 1939 1728 t.
1960 1695 2035 1733 152,
2051 1695 2213 1734 455,ν457,
2230 1694 2301 1727 159.

1326 1767 1368 1774 -
1387 1749 1533 1790 (Rogerius
1553 1748 1598 1788 de)
1621 1747 1690 1780 146.

1327 1801 1479 1832 Arenarum
1503 1801 1632 1841 magister
1652 1799 1808 1840 capellanus
1823 1798 2054 1839 331⁴-Magister
2068 1796 2183 1829 Basilius
2198 1799 2219 1828 t.
2237 1795 2308 1827 231.

1368 1854 1463 1884 Mentio
1486 1853 1557 1885 485.

1328 1904 1442 1936 Aresces
1462 1904 1575 1936 clericus
1597 1908 1616 1935 t.
1644 1904 1672 1935 7.

1328 1955 1424 1986 Aretes
1446 1956 1560 1988 loannes
1582 1966 1605 1986 v.
1635 1956 1703 1987 181.

1328 2007 1430 2039 Aretha
1451 2009 1524 2039 rivus
1548 2008 1572 2038 in
1593 2007 1719 2040 Calabria
1740 2008 1811 2039 286.

1328 2059 1420 2091 Arethi
1442 2060 1551 2101 praedia
1573 2060 1598 2090 iu
1620 2068 1685 2100 agro
1706 2059 1771 2099 styli
1795 2059 1845 2090 74.

1328 2111 1458 2152 Argariae
1479 2111 1584 2142 Beraldi
1608 2111 1683 2142 vinea
1705 2112 1732 2141 in
1753 2119 1820 2152 agro
1841 2111 1942 2142 Catacii
1964 2110 2036 2142 378.

1329 2161 1456 2202 Argentia
1478 2162 1622 2202 (Domina).
1646 2170 1674 2192 n.
1700 2163 1718 2192 l.
1744 2162 1770 2191 in
1791 2162 1895 2193 civitam
1916 2161 2008 2192 Ursuli
2029 2159 2101 2192 316.

1330 2212 1447 2252 Argento
1469 2212 1568 2252 (Basilii
1592 2213 1636 2253 de)
1659 2212 1797 2253 praedium
1820 2213 1845 2243 in
1867 2213 1999 2244 territorio
2020 2213 2107 2244 Acrae
2121 2211 2200 2256 281.

1329 2281 1370 2287 -
1390 2264 1507 2302 (loannis
1528 2263 1570 2304 de)
1592 2264 1729 2305 praedium
1751 2265 1777 2295 in
1798 2273 1864 2306 agro
1886 2264 2051 2304 Cyr-Zosimi
2071 2263 2143 2294 221.

1329 2313 1430 2355 Argilla
1451 2313 1551 2353 (VIdua
1572 2314 1615 2355 de)
1637 2324 1662 2345 v.
1690 2315 1740 2345 77.

1329 2366 1494 2406 Argilloruni
1516 2367 1614 2407 capita,
1638 2365 1803 2406 Ἀργίλλων
1825 2366 2033 2406 apamiam-a,
2056 2376 2085 2399 n.
2109 2367 2129 2398 l.
2155 2366 2225 2398 173.

1330 2415 1448 2458 Argillus
1471 2416 1569 2448 Petrus
1592 2427 1617 2447 v.
1645 2417 1715 2448 102.

1331 2469 1448 2508 ’Λργωρ
1461 2467 1511 2497 τοῦ
1531 2465 1628 2508 ρηγὸς,
1653 2469 1768 2509 praedia·
1785 2470 1867 2510 regis,
1892 2469 1962 2500 261.

1331 2518 1456 2558 Argucus
1478 2517 1614 2549 liebertus
1637 2527 1661 2548 v.
1687 2519 1759 2550 558.

1330 2567 1480 2608 Argustum
1500 2568 1625 2608 oppidum
1647 2569 1673 2600 in
1694 2569 1820 2601 Calabria
1840 2570 1913 2608 298,
1937 2570 2007 2602 301.

1331 2619 1426 2660 Argyri
1447 2620 1594 2662 presbyteri
1615 2627 1687 2654 terra
1709 2624 1735 2653 in
1757 2630 1822 2663 agro
1844 2622 1952 2654 Tarenti
1970 2622 2022 2654 49.

1330 2671 1460 2712 Argyrius
1481 2670 1593 2703 Pothus.
1619 2672 1652 2703 V.
1677 2673 1815 2714 Catapani.

1331 2723 1436 2764 Argyre
1456 2723 1628 2764 (Anastasius
1648 2724 1692 2765 de)
1716 2725 1785 2756 151.

1333 2772 1585 2814 Ἀργυρόβουλλοε.
1614 2775 1647 2807 V.
1671 2774 1760 2807 Bulla.

1333 2826 1584 2867 Ἀργυρογάτανα,
1608 2826 1728 2859 lemnisci
1750 2830 1884 2869 argentei,
1906 2830 1977 2861 376.

1332 2874 1454 2917 Argyros
1474 2876 1574 2909 Consta
1596 2881 1617 2908 t.
1642 2877 1714 2909 261.

1332 2945 1372 2951 —
1395 2927 1583 2961 Constantinus
1607 2934 1627 2961 t.
1652 2930 1702 2961 39.

1331 2997 1374 3003 —-—
1395 2980 1532 3022 Magister,
1556 2982 1644 3015 Vestis
1664 2987 1691 3015 et
1710 2982 1773 3016 Dux
1787 2983 1880 3016 ltaliae
1902 2988 1954 3017 etc.
1981 2985 2015 3018 V.
2037 2985 2177 3029 Catapani.
