2560 3646
1205 421 1250 429 —
1269 402 1339 438 589
1358 422 1403 431 ——

294 465 420 497 Francus
440 463 661 500 Bartholomaeus
681 469 704 500 t.
717 466 798 501 Ι230.

294 533 334 542 -
362 516 478 549 Basilius
499 521 520 550 t.
546 518 616 552 133.

298 586 339 592 -
360 568 477 602 loannes
497 573 525 602 et
546 570 669 603 Andreas
689 581 733 606 vv.
759 571 829 604 183.

292 637 334 644 -
356 620 480 653 loannes.
506 621 572 653 Eius
593 623 673 655 vidua
692 622 769 655 Irene
783 630 847 654 eum
861 620 922 654 filiis
936 620 1033 654 Basilio
1047 623 1074 654 et
1088 620 1200 662 Hugone
1215 627 1278 650 ven-

337 673 374 703 dit
395 672 552 714 presbytero
572 674 689 707 Constas
710 673 849 716 praedium
871 673 898 705 in
918 673 976 705 loco
996 672 1067 706 dioto
1087 672 1193 704 Mutato
1206 670 1277 708 161,

336 728 364 755 et
384 725 501 757 alterum
521 726 687 768 praediolum
707 724 855 767 Arsaphiae
876 726 958 758 situm
981 724 1107 758 Eremitis
1120 723 1189 765 Styli
1205 722 1276 755 196.

295 793 336 798 —
357 776 414 808 Leo
435 781 457 808 t.
480 776 552 815 261,
575 777 648 816 338,
671 776 744 808 339.

296 845 338 852 -
360 828 500 867 Rodoltus,
523 826 630 867 Ραοόλ,
653 827 726 862 374.

299 877 494 920 Frangepanus
514 878 631 911 Basilius
650 879 734 912 iudex
755 879 842 912 Casiri
864 879 969 912 Veteris
989 878 1062 912 399.

296 930 444 964 Frassalus
464 930 654 964 Constantinus
674 932 795 966 notarius
815 936 837 965 t.
860 933 934 965 473.

298 981 459 1015 Fra'ssorum
481 983 539 1015 lons
561 983 649 1015 dictus
669 983 702 1015 (1ο
723 983 803 1015 Prete
824 984 852 1016 in
873 992 940 1024 agro
961 982 1051 1014 Ursuli
1075 982 1145 1015 109.

295 1031 406 1064 Fratres
428 1033 545 1066 minores
565 1034 678 1073 Caudi,
700 1031 809 1073 ἆδελφοὶ
831 1031 966 1074 μινοὺριοι,
990 1031 1062 1063 429.

303 1083 394 1115 Fraxa
413 1092 442 1115 ιι.
466 1084 487 1116 l.
510 1085 583 1118 308.

299 1134 465 1167 -Fraxitanus
485 1136 600 1168 Basilius
620 1145 647 1169 v.
671 1136 741 1168 181.

297 1185 422 1228 Φρίξον,
445 1188 577 1226 stafilius,
601 1187 673 1226 112,
698 1186 769 1218 122.

298 1236 424 1269 Frideriei
445 1236 526 1278 Regis
547 1237 645 1269 mentio
666 1236 739 1275 339,
751 1236 824 1275 358,
840 1236 914 1276 377,
930 1236 1003 1276 380,
1020 1236 1093 1277 385,
1109 1236 1185 1276 390,
1204 1236 1277 1275 395,

336 1288 409 1326 402,
431 1288 504 1326 401,
527 1287 603 1326 408,
624 1287 698 1327 411,
720 1288 793 1327 416,
816 1288 890 1326 418,
913 1288 987 1327 421,
1010 1288 1083 1322 430.
1100 1307 1135 1315 -
1149 1288 1280 1321 Eiusdem

338 1340 434 1371 merita
455 1339 482 1371 in
502 1339 662 1378 universas,
686 1340 858 1382 maximeque
878 1348 993 1381 graecas
1015 1339 1117 1374 litteras
1138 1349 1278 1373 recensen-

335 1394 381 1421 tur
400 1391 513 1432 praesu.
535 1399 564 1432 p.
588 1391 639 1423 xi.

296 1441 412 1483 Φρέρης,
435 1442 529 1481 trater,
551 1442 624 1481 208,
648 1442 717 1478 336.
741 1443 815 1482 353,
837 1443 910 1482 361,
933 1443 1006 1476 363.

295 1492 434 1526 Frestolus
453 1492 612 1525 Gualterius
632 1497 660 1525 et
681 1494 819 1526 Ranaldus
842 1494 912 1526 176.

296 1543 404 1575 Fretzes
425 1543 584 1577 Theodorus
605 1548 627 1578 t.
652 1546 722 1579 480.

296 1589 441 1629 Prionolles
461 1595 594 1628 Arcadius
613 1599 635 1629 t.
659 1595 732 1628 221.

295 1645 383 1677 Frons
404 1645 479 1683 alba,
502 1643 633 1679 mirone
653 1644 750 1679 λινκός
770 1646 821 1677 τοῦ
842 1646 946 1687 Seria,
969 1656 996 1679 n.
1021 1648 1040 1679 Ι.
1068 1648 1138 1680 109.

296 1695 510 1737 ‹merwnipm
532 1693 686 1735 μοναχιιιόν
707 1696 757 1733 49,
782 1696 822 1728 vel
844 1695 968 1736 ψυχικὸν
986 1697 1056 1736 138,
1073 1699 1276 1731 monasterium.

298 1747 429 1788 Frugiare
450 1755 498 1789 pro
518 1747 570 1779 irai
591 1747 623 1781 3.

298 1798 371 1829 Fuca
391 1797 550 1838 (Chrysoleo
571 1799 616 1839 de)
637 1802 658 1831 t.
685 1799 755 1832 117.

296 1849 386 1880 Fucas
407 1848 462 1880 Leo
482 1852 505 1881 t.
527 1849 601 1881 20¹.

296 1901 447 1939 Fucatzari,
469 1909 497 1932 ιι.
519 1894 542 1933 l.
565 1902 592 1932 in
612 1910 679 1943 agro
701 1901 808 1944 Oppidi,
831 1902 913 1935 298.-

298 1969 336 1974 ν,
358 1950 530 1992 (Spatharius
550 1951 594 1992 de)
617 1951 689 1990 162,
714 1952 784 1991 181,
807 1952 880 1987 296.
904 1962 907 1965 ·

297 2001 397 2032 Fulcus
418 2002 452 2033 de
466 2001 613 2033 Basolzeris
622 2011 761 2044 possessor
770 2004 941 2045 praediorum
952 2006 977 2036 in
993 2004 1067 2038 vane
1081 2004 1189 2038 Crathis
1207 2006 1277 2039 139.

296 2068 337 2075 -
358 2052 518 2093 Capelianus
539 2052 650 2084 Comitis
670 2052 779 2095 Rogeiii
801 2054 852 2087 78.

298 2103 387 2134 Furca
407 2103 558 2142 fluminum,
576 2105 689 2146 Φῶρκα
709 2105 767 2135 τῶν
779 2105 930 2144 ποταμῶν,
947 2115 974 2138 n.
991 2107 1011 2138 l.
1028 2108 1054 2138 in
1069 2106 1208 2146 Calabria,
1226 2109 1276 2140 50.

298 2154 406 2185 Furnus
427 2154 515 2186 Lucas
536 2154 711 2187 castellanus
725 2155 901 2196 Scyllacensis
922 2157 993 2189 341.

710 2254 873 2298 Gna-1·

298 2356 440 2388 Gabarreti
459 2355 590 2389 Gualterii
610 2357 751 2399 praedium
771 2358 798 2389 in
818 2366 885 2400 agro
905 2358 1004 2391 Cataoii
1027 2358 1098 2391 435.

298 2407 468 2439 Gabarretus
487 2407 616 2440 Nicolaus
635 2411 657 2440 t.
680 2407 752 2440 313.

298 2457 453 2496 Calidium,
475 2466 505 2490 n.
528 2457 548 2490 i.
571 2459 599 2490 in
619 2466 686 2500 agro
706 2458 802 2497 Aetas,
825 2459 897 2498 5i5,
922 2459 991 2491 546.

299 2510 428 2542 Gabrilus
448 2510 563 2542 loannes
583 2514 605 2543 t.
627 2510 700 2543 255.

300 2561 391 2595 Gadile
413 2561 460 2594 filii
482 2571 524 2595 vv.
549 2562 601 2595 85.

300 2614 430 2647 Gadurioe
451 2622 480 2647 n.
504 2613 524 2646 l.
549 2613 622 2647 550.

299 2666 411 2708 Gassiani
429 2666 499 2705 roas,
521 2675 550 2699 ιι.
573 2666 594 2698 l.
617 2666 645 2698 in
666 2674 733 2708 agro
754 2666 919 2706 Seminarae,
944 2668 1015 2701 392.

300 2717 449 2751 Galdiletus
470 2717 510 2750 vel
529 2717 674 2751 Gadeletus
697 2717 775 2750 Prior
802 2718 834 2751 S.
857 2719 957 2752 Mariae
987 2720 1020 2752 de
1049 2720 1173 2754 Pertusia
1198 2722 1252 2754 101
1270 2746 1278 2760 ,

345 2767 417 2806 120,
443 2768 512 2800 154.

302 2819 466 2852 Gaiderisins
486 2820 628 2861 imperialis
650 2819 883 2861 Protospatharius
907 2823 935 2853 1.
962 2822 994 2854 V.
1018 2821 1156 2865 Catapani.

303 2870 408 2909 ι’άϊτα,
430 2871 555 2909 immola,
578 2870 653 2904 487.

302 2922 410 2954 Gaitzae
429 2922 557 2954 vivarium
578 2922 650 2964 apud
670 2921 821 2955 Tarentum
841 2922 893 2954 65.

303 2973 431 3005 Galatous
451 2973 581 3006 Antonius
601 2975 713 3016 praefat.
737 2984 765 3017 p.
789 2974 825 3006 V.

303 3023 416 3056 Galatas
437 3023 520 3055 Asiae
540 3025 661 3057 notarius
682 3023 755 3062 329,
779 3023 848 3058 331.

1321 468 1435 500 Galatus
1457 471 1577 501 notarius
1600 470 1697 502 Curiae
1719 469 1788 503 232.

1320 536 1361 540 ——
1384 518 1522 550 Perrunus
1543 522 1664 552 notarius
1686 522 1757 559 151,
1781 532 1805 554 v.
1832 522 1877 555 78.

1321 568 1422 599 Galbae
1444 577 1534 601 coines
1555 569 1666 611 Sergius
1689 575 1708 602 t.
1734 571 1806 605 239.

1321 618 1430 650 Galclus
1451 618 1543 650 illinus
1566 623 1587 651 t.
1614 620 1682 650 129.

1321 670 1424 702 Galeoti
1446 670 1583 711 praedium
1605 671 1630 702 in
1652 671 1778 705 Calabria
1802 674 1871 707 146.

1321 720 1449 753 Galeotus
1471 722 1578 753 Marcus
1598 721 1699 754 Catacii
1720 724 1802 757 iudex
1825 725 1897 766 491,
1919 725 1992 765 493,
2015 726 2088 767 497,
2111 728 2184 762 499.

1320 772 1448 805 Galianus
1470 773 1597 806 Pantaleo
1619 784 1645 806 v.
1671 774 1723 808 77.

1321 823 1466 862 Galiatum,
1490 833 1518 855 ιι.
1543 824 1562 856 l.
1588 824 1614 856 in
1636 833 1702 867 agro
1723 825 1831 865 Cuculi,
1855 825 1928 860 337.

1321 873 1442 906 Galiotus
1464 874 1623 908 Theodorus
1645 880 1665 908 t.
1690 875 1761 910 218.
1787 877 1855 910 Eius
1875 877 1947 912 filius
1968 878 2096 912 Nicolaus
2117 881 2189 914 229.

1321 926 1469 959 Gallandus
1491 927 1605 959 loannes
1627 938 1652 960 v.
1678 929 1748 961 181.

1322 977 1435 1010 Galliani
1457 979 1578 1020 aporium
1602 980 1627 1010 in
1649 979 1777 1011 Calabria
1799 979 1870 1012 386.

1321 1046 1363 1054 —
1383 1031 1466 1071 oppidi
1489 1032 1584 1063 mentio
1608 1031 1679 1063 50⁶2.

1322 1079 1487 1112 Galliarduni
1511 1091 1538 1113 n.
1564 1081 1583 1112 l.
1608 1083 1634 1113 in
1657 1091 1723 1123 agro
1746 1084 1829 1115 Aetae
1852 1082 1922 1116 546.

1322 1129 1475 1162 Galliardus
1498 1131 1687 1164 Constantinus
1709 1142 1735 1165 v.
1761 1133 1831 1165 101.

1322 1199 1364 1204 -
1386 1181 1479 1212 Niceta
1501 1191 1639 1223 possessor
1660 1184 1760 1225 praedii
1782 1185 1809 1215 in
1830 1193 1897 1226 agro
1918 1185 2002 1218 Asiae
2023 1184 2096 1218 546.

1322 1251 1363 1255 -
1385 1233 1538 1274 Stephanus
1559 1238 1587 1265 et
1610 1235 1724 1266 Ioannes
1745 1236 1824 1267 iurati
1846 1236 1917 1269 300.

1322 1282 1486 1314 Galliclanus
1508 1283 1635 1315 Nicolaus
1656 1284 1729 1318 340.

1322 1334 1416 1367 Gallici
1437 1334 1537 1366 ssumen
1557 1338 1612 1367 sive
1627 1336 1660 1367 de
1674 1336 1797 1369 Barbara
1811 1338 1838 1369 in
1852 1336 1989 1378 Calabria,
2005 1338 2056 1370 τοῦ
2070 1337 2232 1378 rantzau),
2248 1340 2306 1372 sive

1363 1386 1415 1421 *ἧς
1436 1386 1600 1428 Βαρβάρας,
1629 1387 1698 1419 1‘20.

1322 1437 1468 1479 Callipolis,
1495 1438 1527 1470 V.
1551 1438 1696 1480 Callipolis,

1323 1488 1399 1520 Gallo
1420 1488 1485 1527 (Leo
1506 1489 1550 1527 de)
1573 1489 1653 1520 donat
1674 1490 1812 1530 praedium
1835 1489 1865 1521 S.
1889 1489 1989 1523 Mariae
2009 1490 2043 1521 de
2057 1489 2182 1523 Pertusia
2203 1490 2309 1523 272-

1365 1539 1496 1579 llogerius
1517 1539 1576 1569 eius
1598 1540 1681 1577 lilius,
1705 1539 1770 1571 ibid.

1323 1589 1407 1621 Galus
1428 1589 1528 1621 Consta
1551 1598 1570 1622 ι.
1596 1591 1667 1622 239.

1322 1641 1458 1673 Galterius
1480 1643 1602 1673 notarius
1625 1642 1697 1674 271.

1323 1692 1487 1725 Gambarelli
1509 1694 1617 1735 praedia
1640 1697 1665 1726 in
1687 1704 1753 1737 agro
1774 1695 1896 1729 Crotonis
1918 1696 1991 1736 207,
2013 1696 2087 1735 208.

1322 1744 1458 1775 Gannadei
1479 1743 1532 1775 iilia
1555 1744 1705 1776 Tlieodota.
1730 1745 1763 1778 V.
1788 1745 1939 1787 Theodota.

1313 1813 1363 1836 ‚--
1386 1796 1459 1826 vinea
1483 1796 1508 1827 in
1529 1804 1595 1837 agro
1617 1795 1741 1836 Scyllacii
1764 1796 1836 1829 344.

1322 1845 1469 1877 Gannuluti
1495 1847 1567 1877 rivus
1589 1847 1614 1876 in
1637 1846 1764 1878 Calabria
1786 1846 1837 1878 50.

1324 1896 1455 1928 Gantatus
1477 1896 1605 1928 Nicolaus
1627 1900 1647 1928 t.
1672 1896 1744 1929 337.

1324 1946 1451 1988 Gapaturi
1473 1947 1546 1978 vicus
1568 1947 1595 1978 in
1617 1947 1720 1979 civitate
1741 1946 1880 1978 Messanae
1901 1946 1973 1980 378.

1324 1998 1460 2040 Gapaturo
1482 1999 1636 2038 (Benedicta
1658 1999 1701 2037 de)
1723 1998 1946 2031 377--Henrici
1960 1999 1994 2030 de
2015 1999 2153 2040 Gapaturo
2173 2000 2267 2032 domus
2280 2002 2308 2031 in

1364 2052 1469 2083 civitate
1490 2051 1630 2083 Messanae
1653 2052 1723 2083 378.

1327 2103 1462 2135 Gardalus
1484 2102 1598 2133 loannes
1622 2108 1642 2133 t.
1667 2101 1738 2132 352.

1326 2154 1504 2195 Γαρεντςὺειν,
1529 2155 1665 2190 adserere,
1689 2154 1759 2184 440.

1323 2207 1415 2238 Garini
1436 2207 1557 2247 aporiurn
1579 2207 1605 2236 in
1627 2213 1691 2246 agro
1712 2205 1796 2235 Aetae
1819 2204 1889 2235 545.

1323 2256 1464 2294 Garinum,
1487 2265 1514 2287 n.
1539 2257 1558 2286 l.
1583 2257 1609 2286 in
1630 2264 1696 2296 agro
1718 2256 1813 2292 Aet-ae,
1837 2255 1907 2286 453.

1323 2307 1438 2340 narinus
1461 2307 1574 2339 loannes
1596 2316 1734 2348 possessor
1755 2307 1856 2348 praedii
1871 2308 1897 2337 in
1911 2314 1978 2348 agro
2000 2306 2102 2339 Catacii
2125 2306 2195 2340 364.
2209 2307 2303 2339 -Ni-

1363 2359 1455 2390 eolaus
1475 2362 1502 2389 et
1522 2358 1577 2389 Leo
1599 2362 1631 2390 tt.
1655 2357 1726 2388 365.

1324 2429 1363 2433 -
1385 2409 1555 2442 Sinescaleus
1576 2410 1686 2442 Comitis
1707 2410 1828 2450 scyllaea
1850 2409 1922 2442 342.

1323 2463 1463 2496 Garisinda
1484 2463 1599 2500 (Fensus
1620 2463 1663 2502 de)
1687 2463 1759 2494 475.
1784 2463 1816 2493 V.
1842 2462 1937 2493 Musca
1959 2461 2082 2494 loannes.

1323 2514 1491 2546 Garramune
1503 2513 1627 2552 (loannes
1637 2512 1681 2553 de)
1692 2513 1866 2544 Caballarius
1874 2511 2023 2552 Polyehorii
2033 2511 2104 2543 filius
2115 2512 2302 2553 Byzantii145.

1324 2566 1444 2598 Garriosi
1465 2565 1581 2596 filiorum
1602 2565 1742 2606 praedium
1765 2565 1790 2595 in
1813 2573 1878 2605 agro
1899 2563 2001 2595 Catacii
2022 2564 2095 2596 476.

1324 2617 1510 2650 Gastaldorum
1532 2617 1630 2648 mentio
1651 2616 1682 2654 3,
1706 2617 1735 2647 4.

1324 2669 1436 2701 Gastrae
1459 2669 1566 2700 Ioannis
1587 2668 1683 2701 uxoris
1703 2671 1893 2699 testamentum
1917 2668 1986 2698 511.

1324 2719 1421 2751 Gattus
1441 2719 1530 2751 Cnido
1551 2722 1571 2751 t.
1598 2719 1669 2750 503.

1323 2788 1365 2794 ——
1386 2769 1521 2802 llobertus
1543 2775 1563 2802 t.
1576 2770 1648 2807 234,
1666 2770 1739 2807 329,
1757 2769 1826 2802 334.
1841 2770 2025 2810 —Rogerius
2041 2768 2112 2807 531,
2130 2770 2262 2811 Rogerius
2276 2773 2303 2802 et

1365 2823 1513 2854 liii-,cardus
1534 2826 1565 2854 tt.
1591 2823 1662 2854 517.

1324 2873 1453 2905 Gaudiosi
1473 2872 1569 2903 domus
1590 2873 1617 2904 in
1638 2873 1742 2905 civitate
1763 2873 1793 2903 S,
1818 2873 1962 2903 severinae
1985 2871 2057 2902 373.

1325 2921 1468 2964 Γεφιρῖτζι,
1491 2931 1563 2964 pons,
1592 2923 1660 2955 143.

1324 2974 1430 3006 Gellara
1452 2973 1552 3006 Helena
1575 2975 1643 3006 483.

1323 3026 1433 3058 Gemelli
1455 3027 1564 3067 praedia
1585 3026 1658 3058 376.
