2652 3762
291 500 459 550 subjectis.
486 501 606 550 quibus
630 501 664 538 in
689 501 770 537 casis
795 501 835 537 de
853 501 970 537 vestris
993 499 1197 549 pertinentiis
1222 512 1271 536 se-

291 561 408 597 deunt.
426 561 467 598 Et
480 561 607 597 nullam
622 561 798 596 dationem.
814 568 870 597 aut
888 561 1061 597 tributum.
1077 559 1146 594 sive
1163 565 1273 606 porta-

292 621 408 657 ticum.
426 626 484 658 aut
501 620 756 669 portunatieum.
776 620 830 656 vel
847 621 1033 668 ripaticum.
1058 632 1077 655 a
1093 619 1199 655 vohis.
1219 621 1271 656 vel

291 689 309 714 a
323 675 638 728 monaehisvestris.
650 682 750 725 atque
766 678 921 714 servis.et
933 677 1059 713 ancillis
1076 676 1205 713 vestris.
1223 677 1273 712 Si—

291 748 333 774 ve
360 737 404 775 ab
421 737 570 772 omuibus
587 736 774 774 hominibus
798 738 856 786 qui
872 727 907 773 in
923 737 1042 773 vestris
1066 738 1273 773 monasteriis

291 796 417 833 subditi
431 796 487 833 vel
509 796 722 832 commenditi
738 802 828 833 sunt.
847 802 885 832 ut
901 796 1011 832 nullus
1028 795 1089 831 hoc
1105 802 1273 842 presumat

290 867 334 892 ex
351 855 439 892 idem
455 855 573 903 aliquit
589 855 703 891 tollere
727 856 780 893 vel
798 863 947 893 eontrare
964 867 1029 891 res.
1057 854 1183 890 domos.
1204 867 1274 890 ser-

289 924 360 948 vos.
380 911 598 948 vel'ancillas.
618 919 686 949 tam
702 915 811 950 omnia
831 921 864 950 et
881 914 915 949 iu
932 913 1084 948 omnibus
1102 912 1222 959 quihus
1238 912 1273 947 in

288 969 443 1017 predictis
461 971 666 1006 monasteriis
691 983 840 1007 concessa
858 976 933 1006 suut
958 983 976 1005 a
994 969 1124 1016 regibus
1146 971 1274 1005 franeo-

289 1040 378 1066 rum.
400 1029 469 1066 sive
485 1042 504 1064 a
522 1029 726 1078 principibus
741 1029 1029 1077 longobardorum.
1054 1028 1106 1064 vel
1125 1040 1182 1075 per
1198 1041 1274 1076 pre—

287 1091 380 1135 cepta
399 1088 536 1134 signata.
558 1093 591 1123 et
608 1087 718 1123 omnia
734 1099 798 1135 que
816 1100 876 1134 per
892 1087 990 1122 cartis
1007 1085 1058 1121 vel
1078 1086 1271 1121 offertionis.

286 1143 357 1180 sive
374 1156 433 1192 per
447 1145 633 1192 emptionis.
644 1157 702 1180 seu
716 1145 1000 1192 qualitercumque
1014 1154 1202 1177 concessum
1216 1142 1275 1178 ha-

288 1203 385 1240 betis.
405 1203 459 1241 vel
475 1203 594 1240 amodo
611 1210 645 1240 et
660 1205 694 1239 in
712 1210 807 1239 antea
829 1214 1038 1251 quocumque
1059 1202 1157 1237 modo
1174 1203 1273 1237 fuerit

289 1275 489 1300 conc-essum.
502 1270 540 1300 ut
552 1264 670 1300 amodo
686 1269 719 1299 et
732 1275 861 1310 semper
877 1274 938 1309 pro
952 1259 1074 1297 statum
1087 1266 1275 1297 sanctorum

288 1320 527 1368 imperatorum
544 1328 577 1357 et
594 1322 728 1356 illorum
746 1320 940 1356 mercedem.
960 1331 1018 1356 vos
1035 1324 1068 1354 et
1082 1319 1185 1355 vestri
1202 1330 1276 1369 sue—

290 1391 446 1417 cessores.
465 1383 575 1417 omnia
599 1393 665 1429 que
683 1380 833 1428 superius
855 1379 988 1426 legitur.
1016 1379 1156 1414 firmiter
1173 1378 1276 1426 possi—

292 1437 395 1473 deatis
413 1445 447 1474 et
463 1439 636 1474 securiter.
663 1439 704 1474 Et
721 1438 831 1473 nullus
854 1437 953 1472 homo
969 1442 1137 1484 presumat
1162 1436 1201 1471 de
1217 1449 1276 1472 sua

289 1495 422 1532 civitate
446 1496 625 1532 monachos
650 1496 883 1543 qualicumque
907 1508 927 1530 a
957 1495 1082 1542 majore
1107 1506 1211 1541 usque
1236 1493 1275 1529 ad

290 1552 478 1590 minimum.
503 1553 543 1589 de
559 1553 714 1601 predictis
729 1553 936 1589 monasteriis
960 1552 999 1586 de
1017 1552 1084 1587 suis
1101 1551 1278 1587 habitatio-

288 1609 386 1646 nibus
403 1611 490 1646 foras
506 1623 562 1647 eos
579 1612 698 1659 ejeere.
725 1617 783 1646 aut
799 1610 945 1657 qualibet
966 1621 1052 1645 nova
1068 1609 1278 1644 consuetudi—

289 1680 330 1717 ne
346 1669 380 1705 in
397 1670 526 1706 eosdem
539 1670 728 1706 monachos.
744 1670 796 1706 vel
814 1670 850 1705 in
862 1668 932 1717 ipsa
949 1668 1098 1704 cenobia.
1113 1674 1147 1704 et
1162 1680 1277 1704 earum

1295 431 1381 466 3....

1314 501 1520 547 pertinentiis
1539 502 1647 537 facere
1665 512 1725 549 pro
1741 513 1781 537 eo
1805 501 1893 550 quod
1910 513 1969 539 vos
1986 503 2037 538 die
2054 508 2218 552 noctuque
2235 515 2294 552 pro

1315 561 1450 596 sanitate
1475 567 1507 597 et
1532 561 1747 609 prosperitate
1773 567 1959 597 sanctorum
1986 563 2235 610 imperatorum.
2263 572 2294 599 vt

1313 632 1374 667 pro
1389 621 1534 656 omnium
1548 621 1681 656 illorum
1697 621 1878 657 exercitum
1896 620 1930 655 in
1947 623 2092 657 mercede
2107 634 2222 658 eorum
2236 623 2294 657 dm

1315 678 1441 712 minum
1455 678 1553 713 deum
1566 679 1722 714 exoratis.
1740 684 1773 714 et
1788 678 2022 714 innotescimus
2035 680 2127 714 vobis
2144 680 2294 715 christia-

1314 735 1532 769 nis-omnibus
1548 736 1606 782 qui
1623 736 1732 771 fideles
1749 736 1826 772 estis
1844 742 1877 771 et
1891 735 2070 771 honoratis.
2088 737 2296 771 sanctissimis

1314 792 1579 838 imperatoribus.
1597 793 1765 840 episcopos
1782 805 1896 829 omnes
1912 793 2045 828 domino
2061 793 2250 828 servientes.
2270 796 2292 827 A

1314 850 1596 898 protospathariis.
1608 852 1779 898 spathariis
1790 853 1967 888 candidatis
1981 857 2014 887 et
2028 851 2217 899 spathariis.
2226 864 2295 887 car—

1315 908 1455 943 tulariis.
1483 914 1516 943 et
1538 911 1761 955 protonotarei
1785 910 1993 945 thromarcis.
2025 909 2166 945 armeni.
2193 911 2294 956 greci,

1315 977 1371 1000 seu
1385 971 1417 1002 et
1427 960 1623 1012 longjbardi.
1639 966 1837 1013 gastalldeis.
1849 978 1973 1013 seuque
1990 967 2142 1002 omnibus
2157 967 2296 1002 homini—

1315 1024 1376 1058 hus
1389 1037 1406 1059 a
1424 1025 1547 1071 majore
1565 1036 1669 1071 usque.
1686 1026 1726 1059 ad
1741 1026 1884 1060 minores
1902 1025 1959 1071 qui
1974 1027 2083 1060 tideles
2099 1032 2174 1061 sunt
2187 1026 2249 1061 deo
2266 1033 2294 1060 et

1316 1087 1504 1116 sanctorum
1537 1082 1785 1129 imperatorum.
1820 1083 1966 1119 videntes
2001 1089 2033 1118 et
2066 1090 2299 1129 cognoscentes

1316 1138 1412 1174 istam
1429 1145 1574 1175 nostram
1591 1142 1760 1188 entjhnam
1786 1146 1818 1176 et
1835 1142 1881 1176 sic
1898 1141 1965 1188 ipsa
1991 1141 2131 1187 pleniter
2148 1141 2300 1176 deserve-

1317 1199 1362 1245 tis'
1375 1205 1408 1234 et
1421 1198 1557 1234 firmiter
1574 1199 1780 1246 adimpleatis
1796 1200 1880 1235 sieut
1893 1212 1990 1246 supra
2006 1200 2162 1234 continet.
2173 1204 2207 1234 et
2218 1211 2301 1246 quo-

1316 1257 1414 1292 modo
1430 1269 1492 1303 pro
1506 1262 1592 1292 statu
1614 1264 1803 1292 sanctorum
1815 1258 2052 1305 imperatorum
2072 1257 2204 1291 adhaec
2226 1269 2302 1303 per-

1317 1317 1435 1364 scripta
1453 1322 1610 1363 quattuor
1628 1318 1824 1352 monasteria
1841 1318 2056 1353 firmavimus.
2076 1322 2109 1351 et
2129 1316 2187 1363 qui
2204 1316 2302 1350 istam

1318 1375 1489 1423 entjlmam
1501 1387 1566 1410 non
1580 1375 1807 1411 observaverit
1819 1388 1892 1410 eam
1898 1388 1961 1410 non
1972 1376 2214 1423 adimpleverit.
2224 1375 2300 1409 scial

1318 1445 1350 1468 se
1366 1445 1436 1468 esse
1453 1432 1655 1468 damnatum.
1666 1438 1881 1479 'contemptor
1897 1439 1930 1468 et
1943 1434 2085 1468 offensor
2103 1433 2163 1468 deo
2179 1438 2212 1468 et
2230 1444 2303 1467 san-

1318 1499 1449 1528 ctorum
1473 1493 1725 1540 imperatorum.
1753 1498 1786 1526 et
1802 1492 1855 1527 dei
1871 1492 1934 1526 ira.
1962 1498 1995 1527 et
2012 1498 2122 1527 nostra
2147 1505 2246 1539 super
2270 1505 2303 1526 se

1319 1553 1498 1588 induceret.
1517 1557 1551 1588 et
1567 1563 1723 1598 magnum
1739 1551 1936 1599 patjhulum.
1947 1551 2035 1598 quod
2051 1564 2132 1587 vero
2148 1552 2232 1587 hanc
2249 1563 2305 1586 en-

1319 1611 1410 1658 tjlma
1425 1616 1537 1645 nostra
1549 1609 1715 1644 bullamus
1728 1621 1803 1644 eum
1812 1609 1902 1644 bulla
1912 1614 2022 1644 nostra
2032 1609 2197 1655 plumbea.
2212 1610 2306 1645 Men-

1320 1679 1353 1703 se
1367 1667 1477 1716 junio.
1496 1667 1622 1702 decima
1635 1666 1827 1714 jndietione.

1497 1757 1560 1800 (Ex
1575 1757 1646 1798 Reg.
1664 1757 1739 1789 Petri
1754 1756 1831 1790 Diae.
1846 1774 1887 1784 —
1898 1758 1957 1791 Fol.
1974 1757 2059 1797 LXV,
2070 1755 2121 1789 ‘n.⁰
2142 1757 2222 1799 136)

1258 1886 1335 1939 IV.

804 1993 917 2049 (899)
931 2017 982 2025 —
993 1992 1113 2036 Mense
1132 1993 1225 2036 Maio
1240 2015 1296 2022 —
1311 1993 1441 2035 Indiet.
1463 1992 1564 2034 11—
1577 1992 1787 2047 Capersant.

295 2102 473 2150 Medalspus
491 2102 668 2150 Imperialae‘s
684 2101 872 2149 Spatharius
884 2128 893 2142 ,
912 2102 992 2136 dum
1012 2101 1189 2147 Capersam‘
1208 2102 1252 2135 ad
1274 2112 1384 2136 causas
1401 2101 1594 2146 definiendas
1611 2096 1730 2146 defferet
1742 2125 1750 2140 ‚
1771 2097 2032 2137 controversiam,
2058 2097 2142 2132 ‘inter
2167 2098 2298 2133 Theocli-

343 2172 421 2196 num
443 2161 480 2195 S.
499 2160 661 2195 Benedicti
682 2159 899 2206 praepositum
922 2166 950 2194 ec
965 2157 1210 2205 Maiqetqarium
1234 2159 1377 2194 obortam
1399 2159 1437 2193 de
1453 2158 1593 2204 quodam
1616 2158 1707 2192 horto
1733 2163 1759 2192 et
1778 2157 1901 2192 duobus
1914 2155 2018 2202 puteis
2039 2154 2074 2189 S.
2095 2156 2263 2189 Benedicta
2289 2168 2306 2190 ιι

347 2219 499 2254 Paradene
514 2217 641 2254 donatis
651 2244 660 2259 ,
680 2216 851 2253 diiudicat.

345 2321 560 2366 Praeceptum
584 2317 743 2364 medalspi
760 2316 918 2365 spatharii
942 2316 982 2351 de
995 2316 1093 2351 terris
1117 2316 1153 2351 in
1168 2327 1282 2363 coper—

296 2388 388 2413 sano.

345 2438 384 2473 In
396 2437 527 2472 nomine
544 2436 667 2471 domini
684 2436 787 2471 nostri
804 2436 875 2472 iesu
888 2434 1008 2471 Christi
1025 2435 1077 2470 dei
1094 2435 1199 2471 eterni
1216 2442 1282 2472 ter-

298 2494 472 2531 tiodecimo
488 2506 575 2529 anno
591 2494 720 2541 imperii
738 2494 848 2529 domni
866 2494 952 2528 leoni
974 2499 1007 2529 et
1023 2494 1193 2530 alexandri
1209 2505 1283 2530 san-

298 2554 452 2590 ctissimis
468 2554 677 2601 imperatoris
694 2554 824 2589 nostris.
847 2555 959 2589 Mense
975 2556 1062 2602 majo
1079 2555 1217 2590 secunda
1233 2555 1283 2590 in-

301 2611 456 2648 dictione.
475 2613 564 2649 Dum
571 2611 724 2658 quadam
741 2612 907 2646 resedente
921 2611 1007 2646 diem
1026 2611 1209 2659 medalspus
1221 2612 1283 2647 im—

301 2668 418 2715 periali
432 2669 615 2715 spatharius
632 2668 821 2703 candidatus
837 2669 940 2703 casale
959 2680 1135 2715 ropersano
1151 2669 1191 2704 ad
1207 2681 1284 2704 eau-

302 2725 345 2761 sis
362 2724 601 2767 diffiniendum;
621 2731 697 2761 tune
721 2726 853 2773 quidem
878 2732 988 2761 nostra
1007 2727 1096 2761 veuit
1121 2726 1284 2773 presentia

302 2782 488 2830 prepositus
512 2783 616 2818 sancti
631 2783 790 2818 benedicti
815 2784 946 2818 nomine
964 2783 1111 2818 teodinus
1129 2795 1193 2818 una
1210 2795 1285 2818 eum

303 2843 445 2889 unningo
461 2853 540 2878 suus
556 2842 731 2878 advocator
755 2849 788 2878 et
805 2848 962 2890 ceperunt
978 2855 1112 2878 causare
1131 2843 1287 2879 adversus

303 2901 470 2937 hominem
495 2902 626 2937 nomine
651 2901 839 2949 maigelgari
864 2914 906 2937 ex
928 2915 994 2937 uno
1018 2903 1147 2938 hortale
1172 2908 1205 2938 et
1222 2903 1288 2939 duo

301 2964 401 3006 putea
418 2959 603 3006 propinquo
618 2960 723 2995 casale
739 2971 948 3006 eompersano
966 2961 1165 3008 pertinentes
1184 2962 1287 2996 sancti

302 3017 462 3054 benedicti
475 3018 596 3066 quibus
609 3019 769 3066 pandone;
779 3032 820 3054 an
825 3026 853 3054 te
867 3032 903 3055 os
912 3032 1012 3055 anuos
1021 3032 1081 3066 pro
1089 3019 1288 3066 redemptio-

305 3077 355 3118 nis
373 3088 449 3114 suae
465 3077 592 3115 animae
608 3079 643 3115 in
660 3090 699 3115 eo
716 3079 866 3127 superius
883 3080 1049 3115 nominato
1068 3080 1140 3116 loco
1156 3081 1289 3117 offeruit

1324 2320 1402 2351 tune
1426 2327 1487 2363 ego
1511 2316 1570 2363 qui
1594 2327 1693 2363 supra
1718 2314 1881 2362 imperiali
1911 2314 2094 2361 spatharius
2120 2314 2310 2351 candidatus

1323 2376 1434 2412 statim
1459 2375 1659 2423 interrogavi
1683 2376 1713 2411 is
1728 2375 1834 2410 dietus
1858 2375 2037 2420 magetgari
2063 2375 2143 2422 quid
2165 2376 2309 2423 loqueris

1323 2437 1362 2471 de
1379 2437 1440 2472 hae
1455 2448 1492 2471 re
1516 2436 1573 2471 ille
1590 2435 1723 2483 quidem
1747 2434 1913 2481 respondit
1938 2440 1970 2469 et
1987 2434 2070 2469 dixit
2095 2435 2225 2470 domine
2243 2447 2308 2472 non

1325 2495 1407 2530 facio
1422 2494 1502 2529 deus
1519 2493 1581 2529 nisi
1595 2493 1741 2540 pandone
1758 2504 1821 2539 que
1836 2492 1985 2538 superius
2000 2493 2144 2527 nominat
2160 2493 2220 2528 iste
2234 2506 2309 2540 pre-

1324 2555 1448 2602 positus
1473 2561 1505 2590 et
1522 2554 1631 2589 diceus
1655 2553 1743 2601 quod
1759 2553 1867 2600 ipsum
1884 2552 2011 2586 hortale
2031 2564 2107 2587 cum
2124 2553 2192 2599 ipsa
2212 2559 2307 2600 putea

1324 2613 1428 2647 offero
1445 2618 1523 2647 tuuc
1541 2611 1704 2647 habuisset
1729 2611 1763 2645 in
1780 2609 1967 2657 supradicto
1984 2610 2195 2646 monasterio.
2223 2613 2307 2647 veri-

1327 2676 1376 2706 tas
1392 2676 1441 2706 est
1457 2670 1535 2718 quia
1551 2670 1664 2704 habios
1676 2680 1769 2704 meus
1783 2668 1957 2715 magelgari
1973 2668 2081 2714 ipsum
2096 2668 2221 2704 hortale
2234 2682 2310 2705 cum

1326 2729 1423 2764 ambo
1447 2729 1517 2776 ipsa
1543 2734 1641 2776 putea
1666 2733 1698 2763 et
1719 2727 1833 2763 datum
1857 2726 1960 2762 habui
1985 2726 2046 2760 hoe
2064 2726 2177 2761 ordine
2202 2739 2308 2775 usqua»

1327 2786 1406 2822 dum
1423 2787 1564 2833 spatium
1588 2786 1691 2834 ipsius
1704 2786 1803 2821 fuerit
1822 2785 1965 2831 frugiare
1979 2783 2048 2818 ilud
2061 2796 2119 2831 pos
2132 2784 2309 2823 discessum

1328 2855 1407 2880 vero
1422 2844 1511 2879 illius
1526 2850 1693 2879 revertere
1710 2844 1750 2878 ad
1767 2842 1922 2878 heredem
1939 2842 2004 2876 abii
2022 2842 2087 2876 mei
2105 2842 2166 2877 hoe
2183 2849 2311 2889 gestum

1328 2902 1496 2949 elegerunt
1513 2901 1574 2937 sihi
1594 2902 1718 2949 pariter
1734 2912 1879 2948 pugnam
1896 2905 1930 2935 et
1947 2905 2055 2935 sancta
2073 2898 2125 2934 dei
2141 2901 2308 2947 evangelia

1329 2963 1450 2999 ibidem
1466 2963 1592 2998 astabat
1609 2967 1647 2997 ut
1663 2966 1866 2997 sacramenta
1891 2960 2005 2996 resivi.
2025 2960 2066 2995 de
2084 2960 2144 2995 hae
2162 2973 2198 2995 re
2215 2961 2312 2996 multi

1330 3021 1462 3068 quidem
1479 3021 1631 3057 exiebam
1647 3025 1681 3055 et
1698 3019 1824 3055 dicebat
1841 3030 1898 3053 nos
1913 3018 2032 3053 scimus
2045 3019 2122 3065 quia
2132 3029 2228 3053 causa
2241 3030 2311 3053 mo-

1330 3079 1462 3118 nasterii
1480 3079 1579 3128 hujus
1594 3084 1657 3120 est:
1677 3078 1757 3115 dum
1773 3089 1833 3125 ego
1851 3075 2035 3124 praedictus
2059 3075 2221 3123 imperiali
2237 3087 2311 3123 spa-

2010 3138 2021 3150 .
