2652 3762
1309 349 1357 358 .-
1373 331 1420 365 2ss
1437 350 1485 358 .-

1117 402 1302 444 EIUSDEM
1331 403 1492 445 RECENS
1521 404 1675 446 VERSIO

434 520 465 567 †
488 517 638 565 Sigillum
664 517 786 554 factum
803 529 821 551 a
842 517 944 551 Potho
961 515 1226 563 Protospathario
1250 520 1283 551 et
1308 516 1370 551 Ca-

391 582 509 622 tapano
533 575 644 611 Italiae
669 587 712 610 ex
737 575 944 621 Argyrorum
960 572 1079 620 stirpe,
1098 579 1132 608 et
1148 573 1260 609 datum
1278 573 1370 608 vobis

389 634 509 670 Basilio
525 633 770 680 religiosissimo
782 631 942 668 monacho
958 631 1167 668 sacratissimi
1179 630 1368 667 monasterii

389 691 492 727 sancti
509 690 674 727 Benedicti
690 690 725 726 in
742 691 852 725 Monte
868 689 1000 731 Casino,
1019 695 1052 726 et
1068 701 1245 725 oeconomo
1268 688 1369 725 sancti

390 750 556 786 Benedicti
568 749 657 784 intus
667 749 825 796 Capuam.
839 749 949 783 Mense
962 747 1277 789 martio,indictione
1290 748 1365 783 XV.

437 807 603 850 Quoniam
626 805 813 852 praedictus
837 805 1100 853 religiosissimus
1123 805 1303 841 monachus
1335 809 1371 839 et

388 875 584 902 oeconomus
598 863 738 899 Basilius
750 863 889 911 protulit
901 863 995 899 nobis
1008 863 1152 910 sigillum
1164 862 1274 898 Basilii
1288 863 1368 897 Pro-

388 920 582 970 tospatharii
599 927 632 957 et
647 921 803 969 Catapani
819 921 944 963 Italiae,
961 921 1201 956 Mesardonitae
1224 911 1369 966 appella-

386 981 428 1022 ti,
447 980 604 1028 peculiari
619 979 834 1028 descriptione
857 979 1025 1015 continens
1047 978 1120 1014 loca
1146 983 1180 1013 et
1203 976 1366 1012 metochia

388 1039 505 1087 ipsius,
521 1050 606 1087 quae
619 1038 770 1076 videlicet
786 1038 821 1073 in
836 1036 960 1072 ditione
973 1041 1049 1072 sunt
1061 1035 1204 1083 potentis
1218 1039 1252 1070 et
1264 1034 1367 1070 sancti

387 1098 600 1146 Imperatoris
615 1097 731 1138 nostri,
750 1107 869 1142 nempe
887 1107 939 1135 ea,
959 1106 1044 1141 quae
1060 1092 1194 1141 (dictum
1209 1100 1368 1138 monaste-

387 1155 492 1204 rium)
508 1155 690 1203 possidebat
709 1154 744 1189 in
761 1153 886 1189 ambitu
911 1152 1066 1187 thematis
1091 1150 1339 1199 Longobardiae
1355 1176 1364 1192 ‚

389 1214 551 1250 advocans
568 1224 627 1248 nos
644 1217 677 1248 et
692 1222 802 1252 orans,
829 1209 960 1245 nomine
989 1222 1048 1245 suo
1073 1215 1106 1244 et
1130 1220 1191 1256 pro
1216 1208 1369 1243 fraterni-

387 1276 457 1307 tate
481 1271 582 1306 totius
606 1268 808 1309 monasterii,
831 1273 869 1303 ut
885 1267 932 1303 eis
955 1267 1140 1303 faceremus
1164 1271 1198 1301 et
1215 1277 1275 1300 nos
1290 1277 1368 1300 con-

387 1319 753 1377 firmationis‘sigillum
778 1325 818 1361 dc
842 1325 919 1373 ipsis
942 1325 1023 1361 locis
1048 1330 1082 1360 et
1105 1323 1278 1360 metochiis
1293 1349 1302 1364 ,
1328 1334 1367 1358 eo

389 1385 478 1433 quod
501 1385 721 1420 indesinenter
753 1389 848 1419 orant
871 1395 933 1431 pro
957 1388 1089 1430 potente
1114 1388 1148 1418 et
1172 1386 1283 1417 sancto
1307 1393 1368 1415 no-

390 1451 459 1480 stro
483 1445 705 1492 Imperatore,
732 1447 766 1478 et
789 1454 850 1489 pro
873 1442 964 1477 omni
988 1453 1047 1477 suo
1071 1440 1221 1476 exercitu
1245 1439 1367 1475 Christi

386 1503 554 1544 studioso;
581 1502 703 1538 idcirco
731 1506 764 1536 et
789 1512 850 1547 ego
874 1512 936 1548 pro
959 1500 1078 1547 gaudio
1102 1504 1136 1534 et
1159 1499 1227 1534 vita
1252 1505 1369 1545 poten-

386 1557 428 1596 tis
453 1555 486 1596 et
511 1562 614 1595 sancti
639 1554 744 1594 nostri
765 1558 975 1605 Imperatoris
1000 1558 1158 1593 confirmo
1190 1557 1254 1592 hoc
1281 1556 1369 1603 ipso-

385 1630 462 1654 rum
481 1618 650 1664 sigillum,
677 1622 715 1652 ut
738 1615 1013 1664 quemadmodum
1036 1614 1249 1663 possederunt
1273 1626 1369 1661 prae-

385 1676 470 1719 dicta
487 1676 558 1711 loca
575 1675 636 1710 sub
653 1674 871 1710 Mesardonite
887 1679 920 1709 ct
933 1674 1068 1714 Boiano,
1083 1674 1205 1708 iterum
1217 1672 1368 1707 similiter

385 1735 569 1783 possideant
586 1745 624 1769 ea
642 1733 710 1768 sine
730 1732 878 1778 molestia
902 1737 936 1767 et
960 1745 979 1767 a
1003 1731 1166 1778 praesenti
1182 1731 1249 1771 die,
1269 1743 1369 1766 oran-

387 1798 435 1828 tes
451 1803 512 1840 pro
528 1789 750 1837 magnitudine
768 1788 947 1835 Imperiali,
963 1800 1039 1824 cum
1053 1789 1209 1824 afferrent
1221 1789 1256 1823 in
1272 1800 1367 1835 prae—

387 1848 476 1885 dicto
492 1847 695 1895 sigillohaec
709 1846 830 1881 diserte
847 1856 1013 1892 expressa:
1031 1846 1066 1880 in
1083 1846 1217 1881 civitate
1234 1846 1364 1885 Lesina‚

386 1913 481 1954 extra
498 1905 645 1942 eamdem
662 1905 844 1945 civitatem,
863 1904 1034 1939 ecclesiam
1058 1898 1163 1939 sancti
1185 1903 1365 1945 Benedicti,

389 1966 490 2002 etiam
515 1976 591 2000 cum
608 1963 805 2011 pertinentia
822 1974 893 2005 sua,
912 1961 1026 1999 vineas
1049 1961 1193 1998 desertas
1216 1968 1250 1998 et
1273 1974 1368 2009 prae-

1411 516 1477 555 dia:
1488 522 1520 552 et
1534 517 1623 553 intus
1641 519 1787 555 eamdem
1803 519 1969 556 civitatem
1986 518 2204 555 diversorium
2220 518 2261 553 ad
2276 518 2386 566 hospi-

1412 574 1559 610 tandum:
1579 576 1730 612 similiter
1745 583 1778 612 et
1795 577 1829 613 in
1845 578 1961 620 fluvio,
1976 577 2035 625 qui
2047 576 2167 611 dicitur
2180 577 2323 616 Laurus,
2336 576 2387 611 vi-

1412 631 1540 666 varium
1557 631 1638 667 inibi
1655 639 1783 676 extans,
1801 647 1878 670 cum
1889 635 1993 671 altero
2007 635 2149 675 vivario,
2165 634 2254 682 quod
2266 633 2386 669 dicitur

1411 689 1513 724 sancti
1528 689 1708 725 Benedicti:
1722 692 1855 738 insuper
1870 699 1904 728 et
1920 693 1955 728 in
1973 693 2169 740 pertinentia
2185 692 2328 728 civitatis
2340 691 2387 726 A-

1411 748 1507 788 sculi,
1522 748 1556 783 in
1572 747 1645 783 loco
1657 748 1746 784 dicto
1757 751 1936 792 Lanniano,
1952 751 2091 792 stabula,
2104 750 2236 798 praedia
2247 755 2281 785 et
2291 754 2386 797 pute-

1410 817 1481 841 um:
1500 812 1533 841 et
1548 806 1634 853 apud
1650 807 1774 843 flumen
1790 808 1952 844 Malsanae
1968 809 2032 844 alia
2049 810 2175 846 stabula
2191 815 2225 844 et
2240 807 2384 856 praedia:

1410 870 1443 899 et
1459 865 1493 899 in
1510 864 1585 907 loco
1601 865 1660 912 qui
1675 865 1942 910 dicitursanctus
1957 867 2090 904 loannes
2105 870 2240 910 Ranae,
2255 866 2384 902 stabula

1410 921 1463 970 (et)
1490 923 1622 969 praedia
1642 935 1651 957 :
1678 928 1711 958 et
1734 923 1769 959 in
1794 923 1867 960 loco
1890 925 1948 972 qui
1966 931 2104 967 vocatur
2133 926 2234 961 sancti
2257 927 2386 961 Decur-

1410 981 1518 1022 rentii,
1535 981 1680 1028 praedia;
1699 987 1733 1016 et
1749 981 1837 1017 intus
1853 982 2019 1018 civitatem
2034 983 2147 1018 Asculi
2161 983 2295 1019 domum
2309 994 2386 1018 cum

1409 1043 1501 1083 parte
1514 1038 1675 1086 superiori
1688 1044 1722 1074 et
1733 1039 1896 1081 inferiori,
1904 1049 2003 1086 quam
2015 1039 2180 1087 praedicto
2190 1041 2387 1076 monasterio

1409 1097 1510 1132 sancti
1523 1097 1689 1133 Benedicti
1702 1097 1836 1134 donavit
1843 1097 2029 1134 Moschatus
2041 1098 2128 1132 filius
2138 1098 2231 1133 Rotti
2236 1097 2276 1132 de
2283 1097 2388 1133 Ascu-

1409 1155 1454 1195 lo,
1471 1167 1533 1201 pro
1545 1155 1653 1191 salute.
1660 1156 1790 1192 animae
1802 1168 1898 1193 suae:
1907 1156 1987 1192 item
2002 1160 2036 1191 et
2049 1155 2224 1191 incivitate
2239 1155 2386 1196 Canusii,

1408 1211 1443 1246 in
1457 1213 1574 1248 Castro
1587 1213 1706 1254 veteri,
1722 1225 1824 1261 prope
1839 1213 1999 1261 templum
2011 1225 2147 1260 magnae
2154 1218 2284 1249 sanctae
2299 1223 2388 1248 mar-

1410 1271 1492 1317 tyris
1515 1270 1729 1317 Euphemiae‚
1756 1272 1927 1308 ecclesiam
1941 1271 2046 1308 sancti
2067 1272 2246 1310 Benedicti.
2264 1277 2298 1308 et
2316 1282 2387 1307 mo-

1409 1327 1576 1363 lendinum
1592 1329 1782 1376 aquarium,
1800 1336 1834 1366 et
1849 1330 1995 1377 praediaz
2014 1335 2048 1365 et
2062 1330 2097 1365 in
2118 1330 2323 1377 pertiuentiis
2339 1329 2387 1365 ci-

1395 1385 1517 1431 ..vitatis
1530 1385 1708 1421 Minervini
1722 1387 1911 1435 speluncam
1923 1392 1957 1423 et
1969 1387 2140 1423 ecclesiam
2154 1387 2258 1423 sancti
2273 1387 2386 1423 Salva-

1409 1443 1502 1484 toris,
1518 1448 1552 1479 et
1565 1443 1710 1490 praedia:
1728 1443 1811 1480 item
1826 1450 1860 1480 et
1876 1445 1911 1480 in
1927 1444 2132 1492 pertinentiis
2147 1445 2291 1481 civitatis
2306 1445 2388 1480 Tra-

1409 1503 1530 1544 nensis,
1556 1502 1592 1538 in
1607 1503 1680 1538 loco
1694 1502 1782 1541 dicto
1797 1502 1924 1544 Andra,
1941 1503 2054 1538 vineas
2071 1502 2215 1538 desertas
2230 1502 2388 1538 habentes

1408 1562 1573 1596 olivarum
1584 1561 1718 1596 arbores
1730 1565 1854 1608 septem
1869 1567 1902 1597 et
1914 1561 2043 1608 viginti:
2052 1566 2086 1596 et
2100 1561 2135 1596 in
2144 1560 2217 1596 rivo
2229 1560 2317 1596 dicto
2325 1561 2390 1596 Ca-

1409 1620 1595 1666 logerorum
1616 1619 1761 1667 praedia.
1776 1621 1866 1655 Haec
1878 1619 1987 1654 omnia
2001 1631 2077 1654 cum
2090 1619 2326 1655 invenissemus
2343 1619 2389 1654 ita

1409 1677 1640 1724 comprehensa
1658 1678 1693 1712 in
1709 1677 1876 1723 praedicto
1893 1677 2000 1723 sigillo
2015 1677 2265 1718 Mesardonitae‚
2285 1676 2388 1712 edidi-

1409 1746 1482 1768 mus
1495 1739 1529 1768 et
1545 1745 1605 1768 nos
1621 1733 1710 1768 aliud
1722 1734 1842 1769 simile.
1855 1734 2080 1775 Quamobrem
2092 1739 2198 1781 et‘pro
2212 1734 2387 1769 securitate

1409 1791 1487 1826 dicti
1505 1792 1609 1826 sancti
1625 1790 1827 1833 monasterii,
1846 1797 1879 1826 et
1895 1792 1935 1827 ad
1951 1791 2244 1838 fidem'sacicndam
2255 1791 2383 1826 lectori-

1409 1848 1471 1899 bus
1487 1874 1495 1889 ,
1523 1859 1678 1895 praesens
1694 1847 1838 1894 sigillum
1855 1854 2005 1883 nostrum
2019 1874 2029 1890 ,
2054 1849 2218 1895 signatum
2233 1848 2387 1896 plumbea

1409 1905 1499 1941 bulla
1523 1910 1647 1946 nostra,
1674 1904 1822 1939 dedimus
1846 1905 1953 1940 eidem
1974 1905 2196 1955 (monasterio),
2223 1917 2334 1943 mense
2357 1911 2390 1941 et

1409 1962 1586 1998 indictione
1602 1962 1782 2010 praedicta,
1801 1975 1888 1998 anno
1903 1963 2010 1998 6540.

1313 2088 1463 2141 xxiv.

1037 2210 1055 2250 1
1066 2206 1147 2251 032
1160 2232 1215 2240 —
1223 2209 1344 2252 Hense
1364 2210 1454 2252 lulio
1465 2230 1520 2239 ·—
1528 2210 1657 2253 Indict.
1679 2210 1751 2253 XV.

423 2321 517 2357 Ursus
544 2322 719 2356 Benenutus
733 2321 838 2358 -ἆοηαι
863 2319 958 2367 leqati
981 2319 1104 2355 nomine
1129 2307 1249 2355 Mariae
1273 2320 1397 2355 libertae
1418 2320 1586 2367 praedium
1608 2327 1752 2355 vocatam
1781 2318 1956 2361 Unicmum,
1978 2316 2119 2365 positum
2142 2315 2177 2351 in
2202 2314 2268 2350 loco
2292 2313 2368 2350 Lini

1052 2390 1152 2425 prope
1175 2379 1345 2425 hospitium
1371 2378 1509 2414 ccclesiae
1533 2379 1570 2414 S.
1598 2378 1734 2414 Donati.

433 2495 474 2550 ψ’
486 2514 590 2548 σιγνον
615 2498 739 2551 οὔρσου.
750 2498 812 2536 τοῦ
829 2497 997 2536 ammireo.
1018 2496 1059 2536 Εγ
1076 2500 1206 2542 ὀνόματι
1222 2496 1287 2535 τοῦ
1302 2512 1370 2535 ποι-

387 2573 462 2608 τρος
475 2557 530 2595 καὶ
544 2573 608 2596 του
619 2560 685 2596 mod
698 2558 751 2595 ml
761 2572 822 2595 του
836 2554 930 2604 αγιόυ
942 2564 1130 2602 πνευματος.
1138 2558 1157 2594 ο’
1163 2571 1370 2606 προγεγραμ-

385 2616 468 2662 μένος
484 2618 592 2668 οὕρσος
605 2620 623 2655 o'
633 2615 688 2654 τὸν
697 2615 799 2661 τίμιον
814 2614 867 2653 καὶ
878 2615 1033 2661 ζωοποιὸν
1045 2628 1182 2665 σταυρον
1194 2612 1369 2665 ἱδιοχείρως

387 2675 562 2727 προτσῖξας·
583 2674 712 2714 ἑκουσία.
726 2691 789 2720 μου
804 2678 853 2720 τῆ
868 2676 982 2723 γνῶμη
1005 2675 1058 2712 καὶ
1086 2673 1185 2712 οἰκεία
1200 2671 1367 2725 προοιίρέσει

389 2731 528 2783 παρέχω
547 2735 596 2771 ἀπ
614 2732 753 2770 amasa
770 2729 832 2777 ἤδη
857 2731 932 2780 ὑπερ
950 2734 1110 2777 ψυχηκῆς
1126 2747 1188 2776 μου
1204 2728 1370 2778 σωτηρίοις

388 2793 427 2833 εἷς
438 2789 550 2840 μοιριάν
563 2791 626 2835 τὴν
640 2786 855 2838 &vakai-Sep&
880 2804 943 2833 μου
957 2787 1119 2837 γεγονυίαν
1136 2787 1203 2826 ἀπὸ
1219 2791 1283 2833 τῆς
1296 2789 1371 2832 ἔμιῆς

388 2846 632 2899 διὰκρατῆσεως
646 2850 685 2890 εἷς
695 2847 738 2885 τὸ
754 2846 875 2898 χωρίον
892 2848 1025 2886 obruatur
1038 2850 1135 2897 λόγω
1147 2848 1297 2896 Mychon}
1312 2845 1372 2884 αι’]-

387 2909 451 2950 aris
465 2903 672 2945 eronoss'euiov
686 2906 778 2944 λινοῦ
794 2905 871 2956 πρὸς
886 2905 928 2943 »ra
940 2903 1068 2944 δισικόν
1083 2903 1170 2956 μέρος
1185 2904 1249 2943 τοῦ
1265 2908 1371 2951 devm,-

386 2966 462 3002 τίον
486 2965 550 3007 τῆς
575 2963 750 3011 ἐκκλησίας
773 2961 837 3001 τοῦ
861 2958 1147 3012 ἁγίουέδωνοίτου.
1171 2990 1179 3001 .
1203 2990 1212 3002 .
1226 2961 1282 3001 ἶσα
1306 2961 1370 3001 τοῦ

1458 2498 1489 2548 †
1506 2498 1643 2548 Signum
1659 2498 1736 2536 Ursi
1752 2498 1921 2535 Benenati.
1941 2499 1979 2533 In
1995 2497 2127 2533 nomine
2145 2494 2264 2536 Patris,
2285 2499 2319 2529 et
2335 2493 2397 2528 Fi-

1411 2559 1461 2601 lii,
1480 2565 1514 2595 et
1525 2559 1666 2606 Spiritus
1682 2558 1806 2594 Sancti.
1823 2556 2071 2604 suprascriptus
2089 2556 2205 2596 Ursus,
2223 2553 2281 2601 qui
2293 2563 2392 2588 vene·

1411 2617 1547 2653 randam
1560 2628 1598 2651 ac
1611 2615 1776 2651 vivificam
1789 2626 1921 2650 crucem
1938 2612 2071 2660 propria
2086 2623 2187 2647 manu
2203 2609 2389 2658 praeposui,

1412 2687 1484 2711 mea
1509 2679 1624 2721 sponte
1648 2677 1681 2708 et
1698 2672 1832 2719 proprio
1856 2670 2004 2711 consilio,
2023 2669 2088 2704 iam
2102 2680 2190 2703 nunc
2205 2667 2312 2708 trado,
2331 2678 2393 2714 pro

1412 2732 1574 2780 spirituali
1588 2732 1692 2767 salute
1709 2742 1795 2770 mea,
1811 2723 1950 2773 Mariae,
1977 2739 2061 2775 quae
2077 2739 2149 2762 mea
2165 2727 2284 2762 liberta
2309 2726 2392 2761 facta

1411 2798 1474 2834 est,
1493 2803 1536 2826 ex
1552 2803 1623 2827 mea
1641 2790 1676 2825 in
1700 2801 1780 2836 agro
1797 2788 1913 2824 Uniani
1932 2786 2145 2834 possessione,
2170 2798 2231 2833 pro
2255 2785 2327 2821 eius
2345 2785 2392 2819 le·

1411 2855 1499 2897 gato,
1526 2849 1636 2884 locum
1658 2845 1802 2894 (dictum)
1826 2845 1914 2885 Lini,
1940 2843 1981 2878 ad
2005 2854 2157 2879 occasum
2182 2841 2316 2889 hospitii
2337 2852 2391 2876 ec·

1411 2902 1529 2942 clasiae
1544 2904 1647 2941 sancti
1664 2902 1797 2939 Donati.
1806 2926 1829 2938 ..
1839 2912 1931 2937 secus
1942 2900 2052 2948 ipsum
2063 2899 2244 2946 hospitium
2259 2910 2279 2934 a
2291 2897 2392 2934 meri-

1412 2964 1463 3000 die
1480 2963 1522 2999 ad
1538 2962 1684 3002 boream,
1705 2972 1810 3009 usque
1825 2959 1860 2995 in
1876 2959 2041 3007 publicam
2059 2957 2160 2998 viam:
2179 2956 2212 2993 et
2225 2955 2268 2992 ab
2283 2955 2392 2992 orien-
