2652 3762
403 359 489 387 xxiv

349 434 502 472 fuerunt
529 429 629 479 apud
658 426 896 477 Argyricium
926 426 1175 476 Catapanum,
1204 424 1270 473 qui
1296 426 1497 474 praeterea
1523 425 1629 465 misit
1656 434 1743 465 eum
1771 423 2155 477 Constantinopolim,
2175 429 2218 466 ut
2248 435 2336 476 sup-

348 495 473 545 petias
510 491 597 530 iude
624 493 844 528 arcesseret
873 488 1029 527 Graecis
1057 488 1095 525 in
1123 486 1301 535 Apuliam
1328 486 1515 525 adversus
1550 487 1832 538 Nortmannos;
1863 490 1902 526 et
1934 497 2069 526 revera
2106 498 2174 527 eas
2205 488 2334 527 attulit

351 567 437 595 eum
465 553 664 593 Gotzolino
693 554 741 592 de
769 552 918 591 Orenco
946 550 1128 599 Catapani
1156 550 1384 589 auctoritate
1412 550 1609 599 insignito.
1632 552 1843 591 Fatendum
1868 555 1997 590 tamen
2015 555 2077 590 est
2095 552 2220 600 ipsum
2239 562 2335 601 quo-

351 629 426 669 que
454 617 690 668 Stephanum
718 617 766 656 ad
794 615 977 665 Catapani
1005 614 1233 663 dignitatem
1259 615 1380 654 fuisse
1408 618 1596 665 evectum,
1626 617 1680 655 uti
1708 620 1814 666 patet
1840 628 1887 670 eit
1914 616 2059 668 sigillo,
2081 617 2130 655 de
2153 627 2231 665 quo
2260 628 2336 656 nou

350 680 472 719 multo
500 682 590 729 post
615 679 702 718 heic
730 679 953 727 loquemur3
985 686 1116 715 verum
1144 676 1183 715 id
1210 676 1351 715 accidit
1378 677 1450 715 sub
1477 677 1618 715 annum
1648 677 1761 728 1071,
1782 688 1874 729 quo,
1903 679 2020 728 prout
2044 681 2237 717 testantur
2266 679 2338 718 Gu-

350 742 504 781 lielmus
533 741 703 791 Appulus
723 739 780 789 (l)
807 743 845 779 et
872 738 1003 788 Lupus
1031 739 1287 788 Protospatha
1305 738 1377 789 (2),
1399 748 1485 777 cum
1506 737 1674 788 Roberto
1694 738 1906 780 Guiscardo
1935 739 2256 780 Nortmannorum
2285 741 2339 779 in-

352 803 562 843 victissimo
590 801 694 840 Duce
723 801 948 851 decertavit,
979 804 1018 839 et
1045 801 1192 850 praelio
1218 800 1330 839 fusus
1358 803 1397 838 et
1423 802 1560 849 captus
1578 810 1600 837 a
1621 799 1766 838 victore
1784 801 1910 850 Argos
1937 802 2120 844 dimissus
2138 800 2224 841 fuit.
2247 801 2339 840 Post

354 863 653 902 dictumannum
676 861 771 899 1οῊ
796 862 900 901 nulla
927 862 1098 901 occurrit
1125 864 1327 911 praeterea
1356 861 1498 899 mentio
1526 860 1575 899 de
1604 860 1800 909 Stephano
1829 872 1899 900 nec
1925 863 1981 901 uti
2002 862 2162 914 Legato,
2183 872 2254 901 nec
2282 864 2339 902 nti

355 926 569 975 Catapano;
600 924 685 974 ipse
713 934 804 964 vero
831 925 907 964 iam
935 926 1066 964 senior
1092 929 1185 964 tunc
1211 925 1380 973 extabat,
1402 928 1443 963 ut
1462 923 1675 968 Gulielmus
1693 926 1868 973 Appulus
1895 926 1987 965 item
2013 927 2184 978 tradidit,
2202 930 2242 966 ct
2259 936 2341 966 ere-

354 985 473 1025 dibile
500 989 560 1026 est
586 989 676 1026 ante
702 996 842 1026 annum
873 986 985 1037 1075,
1015 997 1091 1035 qua
1118 986 1258 1024 iterum
1286 984 1577 1024 decimotertio
1605 986 1879 1024 numerabatur
1911 987 2069 1027 indictio
2087 1016 2098 1038 ,
2131 989 2180 1027 ad
2208 988 2341 1038 plures

354 1050 514 1091 abiisse.
543 1051 640 1090 Hinc
667 1051 810 1101 clucet,
839 1061 908 1090 cur
934 1055 1105 1090 nostram
1133 1050 1395 1089 membranam
1423 1050 1471 1089 ad
1498 1060 1640 1088 annum
1671 1049 1768 1087 10Ἰὸ
1797 1059 1871 1088 non
1900 1051 2245 1092 amandaret-imus.

459 1111 699 1152 Membrana
725 1111 875 1151 XLVII.
905 1133 958 1141 —
984 1112 1077 1150 Cum
1105 1112 1202 1151 haec
1230 1112 1453 1151 membrana
1481 1111 1698 1161 conscripta
1725 1112 1842 1151 suerit
1868 1111 2055 1151 illichaele
2083 1112 2146 1151 Vll
2176 1113 2343 1163 impera-

354 1182 442 1217 tore
469 1176 891 1225 Constantinopolitano
914 1204 924 1226 ,
955 1176 1019 1225 qui
1048 1176 1096 1214 ab
1124 1185 1223 1215 anno
1253 1176 1347 1214 loll
1380 1176 1428 1215 ad
1456 1187 1596 1215 annum
1628 1175 1726 1213 1018
1754 1177 1957 1226 regnavit,
1989 1176 2236 1216 indictionem
2264 1177 2312 1214 lV
2332 1206 2343 1226 ,

356 1252 457 1291 quae
485 1242 522 1281 in
551 1241 772 1290 diplomatis
798 1240 904 1279 ealce
933 1241 1090 1291 legitur,
1120 1240 1256 1280 falsam
1277 1251 1365 1280 esse
1384 1241 1471 1280 luce
1499 1241 1711 1279 meridiana
1730 1240 1873 1282 clarius
1893 1243 1966 1291 est,
1989 1250 2076 1279 eum
2095 1244 2245 1290 septem
2264 1241 2346 1280 iere

356 1302 481 1352 annis,
504 1302 643 1351 quibus
663 1301 869 1350 imperium
890 1301 1135 1351 Byzantinum
1155 1301 1331 1341 Michaeli
1352 1303 1493 1352 paruit,
1515 1312 1707 1352 nunquam
1727 1312 1772 1341 ea
1792 1302 1950 1341 indictio
1970 1302 2194 1342 recurrerit.
2212 1302 2348 1347 Quam-

356 1367 492 1405 obrem
521 1365 768 1404 indictionem
790 1365 836 1403 lV
864 1366 900 1404 in
930 1365 1011 1404 XlV
1032 1366 1294 1415 retingendam
1323 1368 1554 1418 putavimus,
1585 1378 1684 1415 quae
1711 1377 1810 1406 anno
1839 1378 1954 1406 aerae
1983 1366 2216 1406 christianae
2247 1365 2346 1404 tolo

356 1428 448 1468 huic
475 1432 632 1467 nostrae
659 1428 906 1467 membranae
943 1429 1113 1478 praefixo
1152 1429 1376 1477 respondet.
1420 1429 1528 1467 Adde
1564 1428 1601 1467 in
1639 1429 1739 1467 hunc
1774 1439 1914 1467 annum
1953 1429 2050 1467 1076
2087 1429 2257 1469 incidere
2285 1440 2349 1468 an-

357 1501 450 1530 num
478 1490 574 1541 XlX,
605 1499 681 1539 quo
711 1490 949 1541 Desiderius‚
980 1490 1090 1530 cuius
1118 1491 1156 1529 in
1185 1478 1407 1530 membrana
1435 1491 1578 1529 mentio
1605 1490 1784 1540 habetur,
1807 1490 2001 1529 Coenobio
2022 1490 2219 1530 Casinensi
2239 1501 2348 1541 prae-

361 1555 460 1603 erat,
482 1555 524 1591 ut
542 1552 656 1592 docet
683 1552 850 1593 Gattula.

465 1613 706 1654 Membrana
733 1613 1057 1654 Lll.-Numeri
1087 1615 1218 1665 graeei
1254 1632 1262 1653 ι
1301 1619 1340 1654 et
1366 1607 1409 1665 δ’,
1449 1615 1590 1664 quibus
1624 1616 1660 1654 in
1694 1616 1918 1665 apographo
1955 1616 2069 1655 huius
2104 1616 2352 1655 membranae

362 1678 521 1718 indictio
550 1679 769 1729 denotatur,
800 1683 839 1718 et
866 1690 1029 1728 quorum
1059 1684 1235 1730 ectypum
1256 1679 1392 1718 visitur
1413 1679 1449 1717 in
1470 1679 1599 1717 tabula
1621 1679 1831 1728 specimina
1852 1680 2119 1717 characterum
2147 1679 2352 1718 exhibente

362 1739 437 1778 sub
465 1749 626 1778 numero
656 1739 718 1788 lv,
750 1745 911 1790 possent
938 1741 1092 1790 quidem
1121 1740 1255 1779 haberi
1285 1750 1355 1789 pro
1376 1739 1437 1789 Xl,
1466 1749 1512 1778 eo
1542 1741 1644 1788 quod
1674 1741 1867 1779 secundus
1897 1750 2079 1779 numerus
2108 1740 2259 1778 videtur
2285 1749 2353 1788 po-

362 1800 441 1838 lius
469 1798 515 1850 α’,
547 1811 660 1849 quam
681 1795 723 1841 δ’,
748 1803 888 1841 Verum
918 1802 1116 1842 l‘asehalis
1145 1802 1285 1841 Ballius
1315 1803 1448 1840 habuit
1468 1812 1538 1851 pro
1557 1797 1599 1850 δ’,
1623 1807 1661 1840 et
1681 1803 1716 1840 in
1738 1803 1819 1840 suis
1845 1802 2118 1850 manuscriptis
2138 1802 2238 1851 apud
2260 1801 2354 1841 Nea-

362 1861 576 1910 politanam
606 1861 790 1901 Maiorem
821 1863 1099 1902 bibliothecam
1138 1864 1359 1902 extantibus
1388 1864 1484 1901 haec
1513 1863 1657 1911 scripta
1696 1863 1879 1912 reliquit:
1911 1862 2207 1903 Monasierium
2235 1863 2277 1903 S.
2306 1864 2353 1902 A-

366 1924 512 1963 driani
540 1924 590 1963 cle
618 1923 803 1964 Rossano
833 1924 1079 1964 Provinciae
1110 1924 1330 1963 Calabriae
1362 1923 1575 1962 Citerioris
1603 1934 1696 1962 enm
1727 1924 1918 1963 ontnibus
1947 1923 2183 1973 Meloeliiis,
2213 1924 2352 1963 Eccle-

366 1988 457 2035 siiS,
486 1988 696 2037 vassallis,
729 1989 860 2036 bonis,
891 1988 1057 2027 iuribus
1087 1992 1124 2026 el
1149 1988 1418 2037 pertinentiis
1446 1988 1646 2026 donatum
1675 1989 1761 2026 iam
1787 1987 1924 2035 suerat
1942 1979 1993 2027 ’8.
2018 1988 2135 2027 Petro
2162 1988 2309 2026 Abbati
2329 1999 2355 2027 a

369 2049 544 2098 Royerio
574 2049 769 2098 Principe
800 2049 970 2097 Italiae,
1005 2048 1225 2087 Calabriae
1252 2052 1289 2087 cl
1320 2048 1489 2087 Siciliae
1517 2058 1630 2087 (inno
1663 2048 1761 2087 ¹088
1788 2058 1929 2087 mense
1957 2051 2133 2096 (ιιιῃιιειο
2161 2048 2219 2086 XI
2241 2049 2354 2088 inili-

373 2113 509 2150 ctione
528 2109 629 2160 (arc.
654 2110 693 2158 5',
712 2120 754 2148 n.
778 2110 858 2159 33).
894 2110 1039 2148 Poslea
1066 2108 1358 2158 confirmatum
1383 2108 1464 2156 fail
1488 2110 1702 2158 praesenti
1729 2110 1954 2158 diplomate
1973 2139 1985 2158 ,
2024 2119 2072 2148 ac
2098 2113 2355 2159 postremum

371 2181 483 2211 (inno
516 2171 614 2211 1106
641 2181 783 2211 mense
810 2172 960 2210 niarl‘io
989 2170 1286 2210 Mrmaslerium
1312 2171 1426 2209 isiaci
1453 2171 1563 2209 idem
1594 2170 1690 2209 Duae
1721 2171 1919 2218 lloyerius
1951 2172 2117 2219 repetiit
2144 2181 2232 2209 una
2259 2180 2355 2210 eam

375 2235 518 2274 Castro
548 2233 782 2283 Siray'ulae,
806 2243 983 2282 qaorum
1011 2235 1100 2273 vice
1128 2233 1272 2272 obtulit
1304 2233 1449 2272 casale
1478 2233 1519 2273 S.
1549 2234 1718 2273 loamiis
1739 2235 1789 2272 de
1810 2234 1985 2273 Fabriea
2006 2238 2054 2273 in
2079 2236 2234 2284 Apulia
2262 2244 2357 2273 cani.

375 2300 457 2336 {olo
486 2297 709 2345 territorio,
741 2300 779 2335 el
807 2296 999 2336 omnibus
1026 2297 1116 2335 suis
1143 2297 1324 2335 iuribus.

479 2358 571 2397 Fide
600 2358 787 2407 adbibita,
821 2359 872 2396 uti
904 2369 973 2408 per
1001 2369 1246 2407 aequumque
1275 2362 1374 2409 erat,
1405 2359 1627 2399 testimonio
1659 2360 1726 2399 riri
1751 2360 1986 2410 doctissimi,
2018 2361 2082 2409 qui
2112 2372 2203 2411 prae
2231 2362 2356 2401 oculis

374 2419 509 2458 habuit
537 2420 701 2458 alterum
730 2421 900 2468 diploma
929 2419 1018 2458 anui
1040 2420 1155 2469 1038,
1178 2421 1227 2459 ab
1246 2420 1456 2460 indictione
1477 2420 1555 2458 xlv
1577 2430 1649 2460 non
1671 2421 1922 2471 recessimus,
1941 2426 1978 2460 et
1997 2431 2096 2461 atino
2124 2422 2219 2461 1091
2244 2433 2360 2462 mem-

374 2483 535 2521 branam
565 2484 892 2532 consignavimus.
925 2483 964 2521 ln
993 2484 1092 2522 hanc
1121 2484 1349 2522 sententiam
1368 2495 1390 2522 a
1411 2484 1522 2523 nobis
1551 2484 1644 2523 itum
1666 2489 1725 2523 est
1746 2494 1792 2523 eo
1822 2485 2018 2534 libentius,
2038 2485 2139 2533 quod
2159 2496 2244 2524 eum
2265 2486 2358 2525 Pro-

377 2544 499 2582 vincia
536 2543 767 2583 Consentino
805 2544 842 2582 in
872 2544 1029 2593 Rogerii
1065 2548 1331 2593 potestatem,
1370 2555 1390 2582 a
1427 2555 1502 2594 qua
1537 2545 1628 2584 inita
1669 2545 1859 2584 seditione
1895 2546 2140 2596 desciverat,
2171 2547 2275 2586 bello
2303 2558 2363 2587 re-

378 2611 513 2654 vocata
541 2607 672 2657 suerit,
704 2611 746 2645 ut
774 2608 907 2656 legere
936 2611 997 2647 est
1023 2609 1123 2657 apud
1154 2607 1496 2658 Mai·at01·ium(,‘l)‚
1518 2608 1703 2656 mag-istit
1730 2607 1932 2657 probabile
1961 2608 2151 2647 Abbalem
2181 2608 2363 2650 Curensis

382 2674 566 2713 coenobii
595 2673 927 2713 conlirimitionem
957 2672 1227 2722 praecedentis
1256 2673 1477 2721 diplomatis
1506 2673 1754 2721 efflagitasse.

463 2823 509 2860 il)
533 2823 575 2853 De
599 2822 696 2853 ansas
718 2822 983 2852 Norlmannornm
1006 2821 1062 2851 lib.
1088 2820 1128 2852 ΙΙ.
1151 2820 1206 2850 ubi
1229 2819 1364 2849 cerinis.-

597 2873 741 2900 Caniliem
760 2871 903 2906 Stephani
923 2873 1050 2898 tractare
1070 2872 1203 2898 miserius
1224 2872 1254 2897 ut
1274 2870 1364 2897 lamiis

596 2917 711 2950 ocimi,-
730 2918 821 2944 immo
840 2922 922 2949 snae,
943 2916 978 2943 de
998 2922 1057 2950 qna
1076 2917 1255 2942 ‘rarioreral
1276 2915 1334 2943 ilic,

598 2961 707 2990 oblicus
727 2962 836 2994 caedis,
858 2961 952 2991 stactei
970 2961 1049 2988 l.·nne
1069 2962 1197 2988 tractare
1217 2960 1350 2994 beniyne

465 3010 513 3048 (2)
538 3009 714 3039 Chronieon
735 3010 780 3038 ari
801 3016 921 3039 annium
947 3008 1035 3038 1071.

467 3062 513 3100 iti)
537 3061 654 3091 Annali
677 3061 826 3097 <sualim
849 3068 934 3091 anm
963 3060 1050 3092 1091.
