2652 3762
1241 1481 1281 1535 Ι.

683 1604 763 1659 (An.
784 1604 867 1648 cir.
890 1602 990 1659 885)
1007 1629 1063 1638 -
1078 1602 1201 1646 nense
1221 1581 1350 1645 namo
1366 1599 1565 1645 -11111101,
1585 1598 1834 1644 1n-rrani.

264 1717 436 1766 Gregorius
453 1716 631 1766 Imperialis
649 1716 928 1765 Protospatham'us
940 1716 1138 1753 ecclesiastica
1152 1715 1288 1764 praedia
1300 1715 1405 1763 posita
1422 1715 1456 1750 in
1473 1725 1552 1762 aqro
1566 1712 1718 1754 Bar-ensi,
1747 1710 1871 1747 Urimsi
1882 1736 1892 1751 ‚
1918 1707 2088 1745 Tarentino
2101 1732 2110 1748 ,
2129 1705 2262 1755 aliisque

308 1779 344 1813 in
361 1777 437 1812 locis
453 1777 643 1825 Principum
658 1779 944 1824 Lonyobarctorum
959 1779 1090 1825 imperio
1107 1778 1248 1813 subiectis
1264 1804 1271 1819 ,
1300 1786 1325 1813 ct
1345 1777 1466 1813 tradita
1482 1775 1541 1812 siba·
1554 1787 1575 1811 a
1596 1764 1757 1810 casinensi
1773 1771 1915 1808 coenobio
1933 1769 2091 1806 libellaria
2106 1781 2214 1805 novem
2233 1776 2260 1805 et

309 1836 423 1884 viqinti
439 1847 600 1871 unitorum
615 1836 816 1878 concessione,
835 1837 934 1872 eidem
950 1837 1093 1872 coenobio
1107 1836 1225 1872 reddit.

310 1939 505 1986 Preeeptum
517 1936 659 1986 gregorii
672 1936 852 1985 primicerii
864 1936 1042 1983 imperialis
1055 1936 1174 1971 Sancto
1186 1935 1247 1970 Be-

266 1994 410 2031 nedieto.

311 2050 471 2098 Gregorio
495 2049 700 2096 primicerius
726 2049 888 2095 imperiali
911 2050 1186 2096 protospathario.
1213 2055 1246 2084 et

265 2107 388 2144 baiulo-
403 2106 548 2142 elarifico
560 2118 626 2142 me.
637 2106 803 2154 inemptam
813 2106 935 2142 habere
945 2107 1044 2142 rebus
1053 2107 1111 2154 qui
1121 2107 1184 2142 suit
1194 2119 1247 2142 ec-

263 2167 359 2203 clesie
376 2165 561 2201 beatissime
576 2164 629 2200 dci
645 2164 811 2212 genitricis
826 2165 950 2200 Mariae
966 2177 1050 2212 quae
1068 2166 1127 2200 sita
1146 2173 1195 2200 est
1212 2166 1245 2200 in

262 2226 347 2260 locu.
357 2223 499 2259 cannito.
510 2229 542 2258 et
556 2235 614 2270 per
626 2222 695 2257 loca
709 2223 944 2268 pertinentibus
955 2223 1180 2269 prenominatc
1193 2235 1247 2257 ec-

263 2281 394 2317 clcsiae.
410 2292 470 2317 seu
485 2286 519 2316 et
537 2279 637 2315 rebus
655 2280 757 2315 sancti
771 2280 938 2315 vincentii.
959 2291 1060 2327 quam
1076 2285 1109 2314 et
1128 2279 1248 2316 iterum

266 2339 360 2375 beate
371 2338 423 2374 dei
431 2337 599 2386 genitricis
614 2336 737 2372 mariae
755 2348 840 2385 quae
855 2342 904 2372 est
920 2336 1086 2372 aedificata
1103 2337 1248 2372 orietane

265 2396 440 2433 tinibus.ut
448 2396 509 2432 ista
517 2406 599 2443 quas
607 2395 706 2430 rebus
714 2394 851 2430 liaberet
860 2406 957 2441 super
963 2393 1128 2429 nominato
1133 2406 1250 2442 grego-

266 2457 316 2490 rio
328 2453 515 2502 primicerio
524 2459 556 2488 et
566 2452 676 2501 bajulo
687 2452 839 2488 omnibus
851 2452 964 2488 dicbus
971 2452 1057 2488 vitae
1067 2463 1143 2487 suae
1156 2459 1188 2487 ct
1198 2465 1248 2487 re-

267 2515 328 2549 hus
336 2513 439 2549 saneti
445 2511 610 2548 Benedicti
617 2511 732 2558 prefati
742 2511 844 2547 nostri
852 2511 978 2546 cenobii
987 2510 1249 2558 ubicumqueha-

268 2573 375 2608 buerit
387 2577 446 2608 aut
457 2572 590 2608 inventa
603 2571 701 2606 suerit
715 2572 784 2607 sive
794 2571 826 2606 in
841 2570 927 2605 bari.
937 2575 993 2605 aut
1008 2571 1041 2605 in
1050 2570 1133 2605 orie.
1149 2582 1208 2605 scu
1216 2576 1248 2606 et

269 2631 301 2666 in
316 2635 457 2666 taranta.
478 2629 546 2665 sive
563 2640 621 2676 per
635 2629 761 2675 singula
774 2629 845 2663 loca
858 2635 895 2664 ut
908 2629 976 2675 ipse
995 2628 1051 2675 qui
1066 2629 1250 2674 suprascri-

269 2695 344 2735 ptus
357 2688 525 2736 gregorius
536 2688 743 2735 primicerius
761 2686 923 2734 simulque
937 2688 1047 2734 bajulo
1065 2688 1200 2722 haberet
1217 2694 1249 2722 et

269 2747 450 2783 dominaret
464 2747 554 2782 illam
568 2758 672 2794 usque
689 2746 729 2781 ad
743 2747 858 2793 viginti
874 2759 992 2782 novem
1005 2747 1095 2782 anni.
1113 2747 1167 2782 sed
1182 2747 1249 2793 ipse

271 2804 328 2851 qui
342 2815 439 2851 supra
448 2804 600 2851 gregorio
608 2804 796 2851 primicerio
810 2810 841 2839 et
853 2804 963 2851 bajulo
976 2804 1138 2852 sinmlque
1150 2805 1250 2851 impe-

274 2862 347 2897 riali
363 2862 621 2909 protospathario
637 2874 698 2910 pro
714 2862 933 2909 redemptione
954 2870 985 2899 ct
1003 2864 1105 2899 salute
1123 2863 1249 2897 aniniac

280 2929 357 2954 suae
373 2918 512 2956 reddidit
529 2919 663 2967 insuper
675 2919 844 2956 nominate
861 2926 1017 2969 ‹ptattuor
1031 2920 1164 2956 ecclesie
1182 2919 1250 2967 ipsa

1289 1945 1386 1982 super
1399 1933 1575 1970 nominatis
1591 1932 1691 1969 rebus
1707 1930 2011 1979 quomodocumque
2023 1929 2114 1964 illam
2130 1928 2264 1964 habuis-

1288 1999 1349 2029 set.
1358 1994 1428 2029 sine
1438 2005 1495 2028 sua
1504 1992 1561 2039 qui
1571 2004 1668 2039 supra
1682 1991 1737 2027 vel
1749 1990 1984 2035 cuiuscumque
1993 1986 2260 2022 contradictione.

1287 2057 1320 2085 ct
1329 2051 1354 2085 si
1364 2050 1611 2097 qualiscumque
1620 2048 1752 2082 homine
1763 2046 1904 2082 volucrit
1913 2044 2134 2079 contradicere
2144 2050 2200 2078 aut
2212 2056 2265 2078 re-

1289 2112 1419 2143 tornare
1427 2106 1478 2143 vel
1488 2116 1656 2141 removere
1663 2104 1742 2139 haec
1755 2115 1839 2151 quae
1852 2101 2030 2138 secundum
2043 2101 2096 2136 dei
2107 2101 2222 2135 timore
2233 2113 2267 2135 e-

1288 2172 1379 2210 gerat
1388 2165 1439 2200 wl
1451 2166 1569 2199 fecerat
1578 2163 1714 2198 liaberet
1720 2161 1880 2208 judicium
1893 2172 1969 2195 cum
1979 2160 2037 2195 illo
2045 2160 2079 2194 in
2085 2159 2171 2194 diem
2179 2159 2268 2206 judi-

1289 2222 1329 2255 cii
1341 2228 1414 2256 ante
1430 2221 1570 2256 tribunal
1586 2219 1716 2266 superni
1727 2218 1830 2266 judici
1847 2223 1879 2252 et
1894 2217 1933 2252 sit
1943 2218 2104 2264 particeps
2109 2217 2186 2264 jude
2200 2222 2268 2251 tra-

1288 2278 1386 2313 ditori
1399 2285 1430 2313 et
1445 2278 1579 2313 haberet
1591 2276 1853 2311 maledictionem
1862 2287 1880 2309 a
1890 2275 2025 2309 trecenti
2037 2274 2148 2308 decem
2156 2278 2188 2308 et
2194 2279 2268 2308 octo

1289 2344 1397 2385 patres
1414 2344 1446 2373 et
1464 2350 1524 2385 pro
1540 2335 1800 2372 confirmandum
1812 2335 1882 2381 ipso
1895 2346 1954 2369 suo
1965 2333 2181 2380 brevilegium
2194 2342 2268 2379 pre-

1289 2397 1411 2432 dictum
1428 2396 1615 2443 gregorium
1632 2393 1858 2442 primicerium
1870 2399 1902 2427 et
1919 2393 2028 2440 bajulo
2041 2392 2182 2439 qualiter
2194 2391 2267 2426 red—

1289 2455 1414 2490 diderat
1431 2455 1499 2502 ipsa
1517 2454 1613 2488 rebus
1638 2453 1770 2499 insuper
1787 2450 1950 2486 nominata
1968 2451 2166 2486 venerabilia
2183 2450 2267 2485 loca.

1291 2516 1410 2550 fecerat
1434 2513 1560 2548 bullare
1577 2512 1646 2558 ipso
1663 2511 1841 2558 brevilegio
1858 2522 1935 2551 eum
1948 2510 2084 2558 plumbo
2099 2509 2270 2557 bulljtyrio

1291 2583 1362 2606 suo.
1379 2572 1605 2606 fueratfuerat
1630 2569 1789 2615 scriptum
1806 2579 1915 2603 mense
1941 2568 2073 2603 martio.
2097 2567 2271 2602 indictione

1291 2630 1347 2663 Ill.
1367 2634 1400 2662 ct
1419 2628 1527 2662 taliter
1547 2626 1613 2662 xidi
1629 2632 1661 2661 ct
1675 2626 1801 2672 scripsi.
1817 2632 1964 2672 utsupra
1975 2625 2060 2659 hanc
2073 2623 2272 2659 reeordatio-

1291 2697 1366 2720 nem
1383 2697 1443 2731 ego
1458 2683 1620 2718 landolfus
1641 2682 1795 2717 diaconus
1809 2687 1906 2729 atque
1920 2682 2027 2717 notari
2043 2687 2076 2717 et
2089 2680 2224 2716 interfui
2235 2679 2270 2714 in

1292 2757 1389 2792 super
1407 2742 1571 2778 nominata
1589 2741 1704 2777 civitas
1722 2752 1785 2788 que
1803 2753 1899 2788 supra
1919 2747 2024 2776 trane.

1339 2805 1406 2850 Ego
1432 2803 1488 2849 qui
1506 2813 1600 2848 supra
1619 2799 1787 2848 gregorius
1804 2800 2009 2847 primicerius
2023 2799 2184 2846 imperiali
2198 2811 2274 2846 pro-

1294 2862 1511 2909 tospatharius
1527 2867 1557 2895 et
1578 2861 1717 2907 bajulus.
1734 2859 1767 2894 in
1786 2859 1868 2893 hanc
1885 2864 1973 2894 carta
1992 2870 2044 2894 me
2058 2858 2247 2905 subscripsi.

1342 2922 1408 2967 Ego
1425 2919 1576 2967 gaiderisi
1593 2918 1768 2966 imperialis
1786 2917 2064 2965 protospatharius
2079 2917 2124 2952 ita
2142 2916 2231 2953 novi.

1078 3011 1087 3048 (
1096 3009 1138 3042 Ex
1155 3009 1272 3052 nogesto
1287 3007 1360 3042 Petri
1377 3008 1486 3042 Diaconi
1501 3009 1528 3042 in
1542 3008 1657 3042 Arcltivo
1672 3007 1920 3041 Gasinensi-Fot.
1937 3007 2021 3044 LXV.
2037 3006 2165 3039 u.0t3'1.
2180 3009 2191 3047 )

1972 3061 1987 3093 1
