2560 3646
1176 304 1376 340 -566-

281 381 404 420 Argi-rus
424 378 518 410 Nohae
538 377 620 407 iudex
642 374 695 407 97.

281 432 362 462 Ariae
385 431 453 466 fons,
476 426 558 466 πηγὴ
573 427 626 461 τῆς
641 423 732 467 apiae,
757 433 787 461 n.
811 424 832 457 l.
857 424 883 457 in
903 431 972 467 agro
993 423 1112 459 Citcltrifl
1135 422 1205 457 131.

276 483 437 512 Arianenses
459 478 577 510 Comites
601 478 650 516 18,
675 476 727 509 21.

273 531 330 561 Arii
354 529 496 560 anathema
517 528 589 563 234.
615 528 648 560 V.
673 527 893 570 lmprecationes.

270 581 395 618 Arinthe,
410 579 524 619 Ρὲνδων,
537 580 661 620 (michael
674 579 718 620 de)
732 579 859 621 Magister
869 582 896 611 et
905 578 1050 620 strategus
1072 578 1192 611 Cirelarii
1206 578 1258 610 94.

270 631 371 662 Arlites
393 632 506 662 Ioannes
527 631 667 673 presbyter
687 634 715 662 et
736 630 888 666 tabularius
910 633 931 662 t.
957 629 1029 661 226.

269 680 452 722 ’Appennino-a
475 680 629 720 βασιλικὰ,
653 682 790 714 exereitus
812 681 975 724 imperiala,
998 680 1051 713 2'1.

269 733 382 764 Armeni
402 733 563 764 Tui-marchi
584 733 613 764 2.

269 783 416 814 Armenius
437 783 627 818 Constantinus
649 786 670 814 t.
695 782 769 816 397.

270 835 451 866 Armentanus
473 834 527 865 Leo
547 837 574 866 et
597 833 744 871 Riccardus
773 834 873 866 donant
902 832 1064 869 monasterio
1097 830 1129 863 S.
1152 829 1261 872 Georgii

311 887 435 927 Martyris
456 887 598 928 praedium
621 887 649 918 ln
671 894 737 928 agro
759 886 893 928 Episeopii
916 885 986 923 168.

271 938 419 969 Armetano
441 936 551 978 (Leonis
571 936 615 979 de)
638 937 788 979 praedium,
801 935 873 968 160.

270 988 384 1020 Armetii
406 988 480 1020 rivus
501 989 528 1020 in
549 997 614 1030 agro
637 988 768 1030 Episeopii
791 986 864 1019 222,

271 1039 381 1071 Armira
403 1048 430 1071 n.
455 1040 475 1071 l.
500 1041 527 1071 in
547 1049 614 1081 agro
635 1038 758 1071 Crotonis
780 1037 853 1075 206,
879 1036 952 1075 208,
976 1036 1050 1070 209.

271 1092 362 1124 Armis
384 1092 587 1131 (Monasterium
608 1091 641 1122 S.
662 1091 765 1122 Mariae
784 1090 830 1131 de)
852 1088 925 1120 307.

272 1144 356 1175 Armo
378 1143 544 1183 (Ascettinus
565 1142 610 1182 de)
631 1141 720 1173 vendit
747 1140 890 1182 praedium
905 1139 975 1172 Urso
997 1139 1100 1181 Pagani
1123 1139 1259 1178 11110195.

269 1195 382 1231 Armus,
405 1191 503 1234 ἄρμρε,
527 1192 579 1231 81,
603 1191 658 1230 99,
686 1191 756 1229 161,
780 1189 851 1233 304.
1095 1213 1098 1216 1

268 1244 380 1276 Amaci.
406 1243 439 1275 V.
463 1243 589 1275 Larnaci.

269 1296 362 1328 Arnisi
385 1295 504 1328 Gilianus
526 1299 546 1327 t.
564 1294 645 1327 256.
906 1333 909 1335 -

270 1348 406 1380 Arnulfus
427 1348 606 1380 Consentinus
628 1346 853 1389 Archiepiseopus
875 1346 927 1388 86.

274 1400 341 1441 Arpi
363 1399 540 1432 celeberrima
561 1398 625 1430 olim
647 1397 767 1430 Dauniae
781 1397 849 1430 urbs
870 1397 921 1431 21.

271 1452 406 1494 Arsapbia
425 1461 454 1483 n.
478 1451 498 1483 1.
521 1452 550 1483 111
571 1450 698 1482 Calabria
721 1450 774 1488 77,
799 1450 871 1489 196,
897 1449 970 1490 24'1,
986 1449 1069 1489 279,
1087 1449 1165 1488 556,
1185 1449 1260 1481 557.

273 1522 316 1528 --
337 1504 371 1536 V.
395 1503 587 1535 nonasterium
607 1502 639 1534 S.
661 1503 764 1534 Mariae
783 1502 827 1534 de.

273 1549 424 1595 Arsaphiae
447 1553 628 1585 molendinum
649 1553 703 1591 57,
727 1553 782 1591 77,
803 1553 874 1595 quod
896 1553 1070 1595 possidebant
1088 1553 1135 1585 6111
1153 1553 1262 1586 loannis

314 1604 381 1637 Gelli
402 1607 430 1636 et
449 1596 548 1636 Leonis
567 1604 602 1636 de
621 1604 722 1636 Milona
742 1604 815 1642 556.

271 1655 426 1699 'Ameria'
447 1656 613 1690 zoa-Vox
633 1657 686 1689 iata
705 1658 734 1689 in
752 1658 860 1698 graecia
879 1657 973 1690 lexicis
993 1658 1162 1689 desideratur
1174 1682 1182 1696 ,
1199 1667 1261 1692 cum

314 1709 476 1751 primitivum
499 1713 605 1741 tantum
624 1718 723 1742 nomen
737 1708 834 1751 ἄρτος,
850 1710 937 1751 panis,
955 1712 982 1741 in
1002 1710 1034 1741 iis
1054 1713 1189 1742 occurrat.
1205 1710 1262 1743 Nos

315 1771 352 1794 ex
375 1762 499 1804 analogia
519 1762 686 1794 frumentum
707 1762 790 1795 latine
809 1763 948 1796 vertimus.

267 1815 373 1846 Artzeri
395 1815 537 1856 praedium
558 1814 631 1847 308.
1152 1836 1160 1842 »,

268 1864 395 1897 Aruballi
418 1865 545 1898 Gulielmi
565 1864 704 1907 praedium
725 1866 753 1897 in
774 1874 842 1907 agro
865 1864 895 1897 S.
920 1865 1012 1897 Menae
1034 1864 1108 1897 467.

271 1917 416 1949 Arunciani
437 1917 478 1948 vel
492 1917 604 1949 Aruneii
618 1926 706 1959 pagus
720 1917 835 1950 donatus
847 1925 863 1948 a
877 1916 981 1949 Comite
996 1917 1113 1959 Rogerio
1127 1920 1262 1949 monaste-

312 1972 353 2002 rio
377 1971 558 2002 Eremitarum
580 1969 631 2001 86.

272 2022 469 2053 Aruneisassus
489 2021 713 2054 Bartholomaeus
734 2025 755 2053 t.
779 2020 851 2053 345.

271 2073 396 2104 Asberno
425 2073 550 2113 (loannes
571 2073 616 2112 de)
638 2072 728 2104 vendit
760 2071 889 2104 ecelesiae
903 2070 935 2102 S.
960 2070 1063 2103 Nicolai
1086 2070 1119 2101 de
1141 2069 1264 2102 Peratico

313 2126 459 2165 portionem
480 2125 572 2156 vineae
592 2125 620 2156 in
641 2132 708 2166 agro
730 2123 882 2155 Colubrarii
905 2122 977 2156 304.

274 2176 457 2217 ’Aeaeo-wipo:
478 2177 520 2208 vel
541 2174 733 2217 ἆσβεσταρία,
760 2175 887 2212 calcaria,
914 2174 988 2213 554,
1011 2174 1081 2206 556.

274 2226 441 2259 Asbestarus
462 2226 589 2259 Nicolaus
613 2226 683 2259 162.

274 2280 384 2310 Ascetta
406 2278 558 2310 Gulielmus
579 2282 599 2309 t.
624 2277 698 2310 393.

275 2331 430 2362 Ascettinus
450 2331 484 2362 de
505 2329 581 2361 Brui.
606 2329 641 2360 V.
664 2329 744 2360 Brui.

275 2381 408 2412 Asculum
430 2380 496 2411 urbs
518 2379 859 2421 Apuliae—Possessiones
875 2379 1027 2410 monasterii
1042 2378 1072 2410 S.
1090 2377 1223 2409 Benedicti
1239 2378 1265 2408 in

317 2432 368 2462 hac
390 2432 495 2462 civitate
525 2435 551 2462 et
577 2439 643 2472 agro
664 2430 784 2463 eiusdem
806 2429 826 2460 2
841 2454 849 2467 ,
872 2430 910 2468 4,
937 2429 976 2460 10
990 2453 997 2467 ,
1023 2429 1056 2460 11
1075 2453 1083 2466 ,
1109 2428 1159 2467 14,
1182 2428 1266 2460 24-

317 2482 459 2522 Templum
481 2481 512 2513 S.
530 2481 664 2513 Benedicti
681 2481 730 2520 11,
747 2480 860 2513 25-S.
873 2480 1050 2512 Decurentius
1063 2488 1091 2511 n.
1110 2480 1129 2511 1.
1148 2480 1197 2517 11,
1213 2480 1263 2517 14,

317 2532 470 2563 25-villa
492 2531 620 2565 Lanniani
640 2533 669 2563 in
690 2539 757 2574 agro
772 2532 892 2564 eiusdem
915 2531 965 2569 11,
980 2531 1029 2569 14,
1046 2530 1098 2562 25.

277 2584 374 2614 Asisco
396 2582 538 2623 (Simeonis
559 2584 603 2623 de)
625 2584 701 2615 vinea
722 2583 749 2614 in
765 2591 836 2624 ,agre
858 2582 967 2614 Tarenti
1002 2582 1053 2613 59.

278 2634 400 2675 Asperus
421 2634 535 2666 loannes
556 2639 577 2666 t.
602 2634 676 2665 553.

281 2687 440 2726 Aspramani
461 2686 534 2717 Petri
554 2687 695 2728 praedium
716 2687 743 2717 in
765 2694 831 2728 agro
847 2685 970 2718 Cirelarii
991 2684 1064 2716 292.

282 2736 367 2777 Aspre
389 2737 591 2777 (Constantinus
612 2738 656 2777 de)
677 2742 697 2768 t.
723 2737 795 2769 384.

284 2805 323 2810 —
344 2789 466 2826 (loannes
487 2790 599 2821 Turlina
620 2790 708 2831 de)t.
732 2782 806 2823 475.

283 2839 399 2879 Asprum
409 2838 573 2879 Litbarinoli,
587 2843 713 2883 '‘vAo-vrpo
728 2846 832 2883 λιιθαρ
825 2840 930 2881 ινώλιν,
939 2850 968 2874 11.
982 2842 1000 2873 l.
1019 2842 1046 2874 in
1056 2840 1182 2896 Calabria
1195 2840 1266 2875 117

283 2891 438 2932 Astropirus
460 2891 558 2923 Consta
578 2904 604 2925 v.
631 2895 700 2926 183.

282 2941 425 2980 Asylorum
446 2944 583 2974 castrum
578 2953 604 2975 111
618 2943 744 2978 Calabria
767 2947 839 2987 146,
862 2947 902 2980 rel
917 2947 1017 2980 dietum
1040 2946 1129 2987 Asylia
1149 2950 1268 2979 castrum

1346 374 1417 405 edito
1439 373 1496 405 loco
1517 372 1632 416 positum
1655 373 1722 405 inter
1742 372 1842 405 Allium
1864 376 1892 405 et
1912 372 2037 408 Semirim
2060 384 2165 415 amnes,
2188 380 2220 410 ut
2240 376 2289 412 ba-

1346 425 1392 457 bet
1405 426 1516 459 Barrius
1536 435 1563 468 p.
1588 426 1648 458 267
1670 425 1894 468 -Episcopium
1921 424 1980 457 407
1996 443 2038 453 —
2051 427 2240 462 bionasterium
2256 429 2287 461 S.

1345 476 1520 509 Constantini.
1545 476 1577 509 V.
1600 478 1713 509 Monast.

1303 526 1356 558 Ata
1377 536 1464 559 nurus
1486 528 1605 570 Hugonis
1626 530 1670 561 iiiii
1694 529 1812 560 Ranerii.
1832 529 1864 561 V.
1887 528 1966 571 Hugo
1988 527 2095 560 Ranerii
2116 528 2197 561 filius.

1303 578 1446 612 Atenull'us
1467 580 1561 612 Abhas
1582 581 1734 613 Casinensis
1757 581 1809 614 20.

1303 630 1490 672 Athenagoras
1512 632 1569 671 (S.)
1589 630 1619 667 n.
1644 633 1664 666 1.
1689 634 1714 664 in
1735 633 1862 666 Calabria
1882 632 1954 665 297.

1303 682 1476 723 Athenogone
1498 682 1608 723 (Petrus
1628 685 1661 716 de
1682 685 1728 726 S.)
1750 685 1890 727 presbyter
1910 689 1933 718 t.
1959 684 2030 718 163.

1303 732 1429 770 Atrulina
1450 733 1484 764 de
1505 733 1608 765 Tivillia
1632 735 1703 767 117.

1303 785 1461 817 Atzimanna
1483 786 1597 817 Ioannes
1618 790 1639 818 t.
1664 787 1736 819 248.

1302 840 1344 862 ’-
1367 838 1465 869 Petrus
1487 847 1514 871 v.
1538 838 1611 870 558.

1306 889 1480 921 Atzimannae
1500 889 1618 920 Marinae
1638 890 1761 921 monialis
1782 893 1972 924 testamentum
1994 892 2067 924 551.

1303 941 1399 974 Atzum
1422 951 1450 972 n.
1475 941 1494 973 l.
1518 941 1544 973 in
1565 941 1692 974 Calabria
1713 941 1765 974 50.

1305 994 1406 1034 Atzupo
1428 993 1580 1035 (Philippus
1601 994 1646 1035 de)
1669 993 1821 1026 tabularius
1842 994 1946 1027 Catacii
1966 994 2040 1034 365,
2062 995 2136 1035 367,
2160 995 2233 1028 378.

1303 1044 1472 1085 Atzupouum
1495 1044 1634 1085 praedium
1656 1045 1682 1076 in
1703 1053 1770 1087 agro
1790 1045 1917 1077 Badulati
1937 1045 2010 1078 480.

1304 1094 1434 1135 Augerini
1456 1095 1593 1135 praedium
1619 1094 1688 1126 163.

1303 1143 1442 1186 Augerino
1465 1145 1606 1184 (Nicotaus
1627 1151 1654 1180 et
1675 1147 1824 1188 Gregorius
1844 1147 1889 1189 de)
1911 1151 1931 1180 t.
1956 1147 2031 1185 517,
2053 1146 2126 1183 527,
2150 1146 2222 1179 528.

1303 1212 1346 1219 ·—-—
1367 1195 1477 1236 (Petrus
1497 1196 1542 1237 de)
1564 1196 1633 1228 filius
1655 1197 1758 1229 Nicolai
1779 1198 1901 1230 notarius
1922 1196 2059 1239 Callipolis
2080 1194 2151 1227 516.

1304 1248 1445 1289 Augustae
1465 1248 1599 1288 (Ecclesia
1620 1247 1664 1289 S.)
1679 1249 1705 1280 in
1727 1258 1792 1291 agro
1808 1249 1923 1282 Troiano
1946 1250 1996 1282 19.
2021 1249 2056 1282 V.
2080 1247 2210 1280 Ecclesia.

1304 1299 1481 1341 Augustales,
1502 1309 1673 1338 nummorum
1694 1310 1793 1342 genus,
1808 1301 1882 1340 399,
1899 1301 1972 1340 410,
1988 1300 2062 1339 416,
2086 1299 2159 1339 422,
2183 1298 2244 1332 553
2265 1302 2292 1331 et

1347 1351 1536 1384 alibi—Aurei
1559 1353 1631 1384 505.

1305 1403 1415 1434 Aularis
1437 1402 1537 1434 flumen
1557 1403 1586 1434 in
1606 1401 1733 1435 Calabria
1755 1403 1827 1445 557.

1305 1455 1425 1487 Auletla.
1451 1455 1488 1486 V.
1515 1453 1616 1487 Oletta.

1305 1507 1412 1538 Auliani
1432 1506 1572 1548 praedium
1594 1507 1621 1538 in
1642 1515 1709 1548 agro
1738 1506 1853 1539 Hieracii
1873 1506 1945 1539 356.

1304 1559 1392 1590 Avaro
1412 1557 1480 1599 (Leo
1500 1558 1548 1600 de)
1569 1559 1621 1591 45.

1304 1609 1414 1641 Avenna
1435 1610 1470 1641 de
1490 1610 1672 1642 claromonte.
1696 1610 1730 1641 V.
1754 1609 1933 1643 claromonte.

1304 1661 1452 1694 Aventinus
1473 1670 1549 1694 mons
1570 1662 1597 1692 in
1617 1670 1682 1702 agro
1704 1661 1819 1693 Troiano
1842 1661 1894 1694 21.

1306 1712 1423 1743 Avillano
1445 1711 1611 1753 (Alexander
1633 1712 1718 1747 irater
1737 1711 1860 1744 dominae
1880 1712 1926 1753 de)
1946 1715 1969 1745 t.
1995 1712 2064 1746 134.

1304 1762 1379 1797 Avus
1400 1762 1592 1796 Constantinus
1613 1765 1635 1794 t.
1659 1762 1731 1797 384.

1304 1814 1460 1849 Axiarchus
1481 1814 1596 1847 loannes
1618 1817 1639 1846 t.
1663 1814 1717 1848 58.

1305 2019 1451 2052 Babiorum
1472 2019 1513 2052 vel
1534 2020 1679 2052 Baviorum
1692 2020 1789 2062 Plaga,
1807 2029 1834 2051 n.
1852 2021 1871 2051 1.
1889 2020 1916 2051 111
1929 2027 1995 2062 agro
2009 2019 2202 2058 acherontino,
2216 2017 2289 2053 326.

1306 2070 1402 2102 Bacale
1422 2071 1534 2102 flumen.
1558 2070 1591 2101 V.
1618 2071 1727 2104 Vacale.

1305 2121 1492 2163 Βακαρίτζαι.
1516 2122 1551 2154 V.
1576 2122 1796 2155 Vaofflrltieuses.

1306 2173 1466 2205 Baehathari
1488 2173 1554 2207 Leo.
1577 2174 1612 2207 V.
1636 2174 1736 2206 Madari
1757 2175 1885 2207 Basilius.

1306 2225 1428 2258 Baccens
1450 2224 1588 2267 Philippus
1609 2229 1629 2257 t.
1655 2225 1726 2257 162.

1306 2276 1437 2308 Baculum
1459 2275 1619 2317 Praepositi,
1643 2273 1779 2316 βακτιρῖα
1793 2275 1844 2306 τοῦ
1865 2275 2090 2315 καθηγουμένου,
2114 2275 2167 2307 46.

1306 2326 1475 2366 Βαδιμόνιον,
1499 2327 1646 2364 fideiussio,
1672 2326 1741 2358 190.
1854 2346 1857 2350 -

1306 2378 1430 2410 Badulati
1451 2378 1574 2420 oppidum
1596 2379 1623 2409 in
1643 2378 1781 2417 Calabria,
1803 2376 1994 2416 Βαδουλοίτον,
2017 2378 2077 2411 ital.
2101 2377 2235 2411 Badolati
2254 2379 2295 2411 vel

1349 2428 1499 2461 Badulalo.

1390 2482 1577 2523 Camerlingus
1590 2482 1675 2514 huius
1689 2481 1776 2522 oppidi
1791 2480 1903 2513 Michael
1918 2480 1989 2513 919.

1390 2534 1506 2566 Comites
1521 2533 1661 2566 Geoiridus
1672 2537 1699 2565 et
1710 2533 1803 2565 ilhaus
1814 2532 2059 2566 220.—Comitissa
2069 2531 2219 2574 Sicelgaida
2225 2532 2292 2564 ibid.

1391 2587 1514 2619 Feudum
1535 2587 1562 2618 in
1584 2587 1678 2619 eadem
1707 2590 1780 2620 terra
1793 2586 1828 2620 ad
1843 2585 1991 2619 Robertum
2007 2585 2050 2626 ‚de
2065 2584 2199 2618 Camarda
2213 2586 2295 2627 perti-

1350 2647 1416 2670 nens
1438 2637 1509 2669 366.

1392 2689 1508 2721 ludices:
1526 2688 1647 2730 Caputus
1663 2688 1800 2721 Perrunus
1816 2687 1889 2725 478,
1914 2686 2053 2720 Plastarus
2070 2686 2295 2721 Bartholomaeus

1351 2743 1378 2771 et
1399 2740 1453 2771 Leo
1474 2738 1547 2776 439,
1571 2738 1626 2770 Leo
1648 2737 1721 2776 464,
1744 2738 1814 2769 488.

1393 2791 1525 2824 [ωσι-11111
1546 2792 1663 2823 nomina:
1686 2789 1849 2831 Calliporuni
1864 2788 1936 2827 381,
1959 2757 2119 2822 Ceoreldum
2134 2788 2207 2827 489,
2224 2788 2295 2820 Erea

1351 2842 1424 2880 478,
1448 2842 1479 2873 S.
1503 2841 1581 2873 Mena
1605 2841 1674 2873 147.

1392 2894 1488 2928 Mentio
1510 2893 1581 2925 558.

1393 2945 1507 2978 Notarii:
1531 2945 1683 2986 Namparus
1705 2943 1818 2976 loannes
1846 2943 1918 2981 439,
1945 2943 2017 2982 488,
2048 2943 2127 2981 491,
2155 2942 2296 2975 Plastarus
