2560 3646
1203 388 1400 424 —605-

297 449 486 484 Monasterium
506 451 560 484 SS.
586 453 721 486 Trinltatis
734 455 774 486 >de
796 454 971 488 Canceilario.
987 455 1160 488 —Venditio
1189 455 1297 505 domus-

339 501 426 536 eidem
447 505 516 537 faeta
536 514 553 537 a
575 506 702 546 Chusun,
718 508 824 550 Niphoti
847 512 874 540 et
894 508 956 539 liliis
977 508 1050 542 3¹5.

297 571 338 577 -—-
359 553 412 587 SS.
438 555 576 590 Trinitatis
597 558 735 590 Cavensis.
828 575 830 577 ·

321 620 325 622 *
383 606 448 637 Eius
463 607 583 639 Abbates
603 612 630 640 et
644 608 803 649 Praepositi:
820 606 948 640 Leontius
961 607 1014 646 49,
1031 607 1129 640 Petrus
1139 607 1192 646 68,
1211 607 1282 646 108,

341 658 506 691 iiomuaidns
529 660 600 699 137,
626 661 695 699 138,
720 660 818 692 Faleus
842 660 914 698 177,
938 660 1061 692 Marinus
1081 660 1153 692 214.

382 710 488 742 Areliivi
508 711 590 742 liuius
612 710 765 742 monasterii
786 709 959 743 membranae
974 718 1100 752 graecae,
1117 710 1230 751 praefat.
1248 720 1281 753 p.

343 761 417 793 XIV.
442 766 468 794 et
491 772 547 804 seq.

380 813 540 845 Donationes
561 814 647 845 eidem
670 815 755 846 iactae
776 823 792 846 a
807 815 882 847 Luca
904 813 1088 847 Thromarcho
1104 818 1131 846 et
1156 815 1285 847 iratribus

342 864 394 902 49,
418 864 452 896 ab
476 865 575 897 Helena
595 865 702 897 Moniali
724 870 751 897 et
771 866 830 897 aliis
851 866 902 903 ot,
927 874 943 897 a
964 866 1078 907 lingerio
1099 865 1173 897 Duce
1189 866 1284 897 ltaliae

344 912 486 946 Calabriae
507 919 535 945 et
555 913 662 945 Siciliae
683 915 734 952 68,
758 923 775 946 a
797 914 926 946 iratribus
946 915 978 946 de
1003 915 1104 947 Fahalo
1127 915 1177 953 72,
1193 923 1210 946 a
1233 915 1284 947 ira-

340 965 428 998 tribus
448 965 479 996 de
502 965 669 999 claromonte
691 966 743 1005 96,
770 967 840 1004 101,
855 975 881 998 -a
896 966 1046 999 Charberto
1061 967 1114 1000 lilio
1129 967 1227 1009 Argyri
1240 967 1284 998 lu-

340 1018 405 1049 dicis
426 1017 519 1049 Nohae
540 1018 579 1050 97
595 1043 603 1056 ,
627 1027 644 1049 a
666 1018 785 1059 Phiiippo
806 1017 984 1051 Grande-mani
1009 1019 1050 1049 99
1063 1044 1071 1057 ,
1096 1028 1112 1050 a
1134 1019 1258 1051 Paneallo
1273 1044 1280 1057 ‚

341 1067 459 1099 iioherto
480 1072 507 1099 et
529 1067 675 1099 Costarelio
703 1068 766 1103 100,
793 1077 810 1099 a
831 1068 973 1100 comitissa
996 1068 1105 1100 Mabilia
1119 1073 1146 1100 et
1161 1068 1214 1100 filio
1228 1069 1285 1101 Gu-

341 1117 429 1149 lieimo
449 1118 626 1150 Grandemani
651 1118 722 1156 108,
744 1126 760 1148 a
782 1118 900 1149 lioberto
921 1119 1029 1150 domino
1049 1119 1170 1158 flaciani,
1195 1129 1284 1152 uxore

341 1170 461 1202 Adeiitza
481 1175 508 1202 et
529 1171 582 1202 filio
602 1170 716 1211 Rogerio
741 1171 809 1208 118,
833 1179 850 1201 a
871 1171 982 1204 Nieoiao
995 1171 1115 1204 'Notario
1135 1178 1163 1204 et
1190 1172 1282 1205 Leone

342 1221 401 1252 eius
422 1222 503 1253 tratre
527 1221 596 1259 119,
620 1230 636 1252 a
659 1221 776 1263 liogerio
796 1222 904 1253 domino
927 1223 1034 1254 Caelani
1058 1223 1138 1262 131,
1169 1223 1205 1256 ab
1227 1224 1284 1256 liu-

341 1279 410 1311 gone
430 1270 483 1302 filio
505 1269 624 1309 Ranerii,
647 1270 698 1303 Ata
720 1276 746 1303 et
768 1271 886 1314 Rogerio
909 1274 982 1312 177,
1006 1282 1023 1305 a
1038 1272 1212 1306 Constantino
1233 1273 1285 1307 Pe-

343 1322 445 1363 logrino
469 1322 537 1353 193.

388 1371 524 1404 Ecclesiae
545 1371 576 1404 S.
599 1373 737 1407 Michaelis
759 1375 793 1406 de
814 1375 915 1407 Fabato
937 1379 965 1408 et
984 1375 1016 1408 S.
1041 1376 1144 1409 Nicolai
1164 1376 1199 1409 de
1219 1376 1286 1408 Per—

348 1423 417 1454 tusia
438 1422 472 1453 ad
491 1423 543 1455 hoe
563 1425 721 1457 coenobium
743 1427 917 1468 pertinentes.
942 1427 975 1459 V.
1002 1427 1155 1460 Ecclesiae.

383 1474 543 1506 Monasteria
565 1476 738 1517 suffraganea
759 1476 813 1509 SS.
839 1478 996 1510 Trinitatis:
1030 1477 1062 1512 S.
1085 1479 1206 1511 Amireas
1220 1503 1228 1518 ‚
1251 1479 1282 1511 S.

343 1526 487 1568 Georgius,
507 1526 539 1559 S.
564 1527 727 1567 Hadrianus,
749 1528 781 1560 S.
795 1529 878 1560 Maria
892 1529 1067 1570 Cyr—Zosimi,
1090 1529 1122 1563 S.
1148 1531 1234 1563 Maria
1254 1531 1286 1562 de

341 1578 478 1618 Pertusia,
499 1579 532 1613 S.
555 1580 653 1612 Petrus
673 1580 706 1612 de
723 1580 889 1622 Barychalla.
907 1582 940 1614 V.
954 1582 1070 1615 Monast.
1094 1582 1127 1614 S.
1150 1583 1284 1622 Andreae,

340 1628 372 1661 S.
396 1630 503 1673 Georgii
524 1636 578 1664 ete.

360 1678 413 1711 SS.
437 1680 572 1712 Trinitatis
583 1681 867 1723 Venusinae—nugo
881 1682 976 1714 Abbas
990 1683 1109 1716 eiusdem
1124 1684 1205 1716 tradit
1217 1682 1285 1715 Leo·

340 1730 368 1761 ni
388 1731 490 1763 notario
511 1730 542 1763 S.
566 1731 706 1765 Nicodemi
727 1732 851 1764 nonnulla
866 1733 976 1774 praedia
996 1734 1030 1765 ad
1046 1734 1238 1766 monasterium
1251 1734 1282 1764 S.

341 1780 465 1813 Phantini
486 1782 642 1823 pertinentia
666 1782 737 1814 161.

300 1850 341 1856 --
364 1831 517 1865 vivariense
539 1841 556 1864 a
576 1833 736 1866 cassiodoro
756 1833 905 1873 eonditum,
929 1835 1043 1876 praefat.
1068 1844 1096 1877 p.
1114 1835 1149 1867 X.

301 1881 437 1914 nunciare
459 1881 598 1922 (Nicotaus
618 1882 662 1924 de)
684 1887 704 1915 t.
729 1883 781 1915 96.

303 1933 633 1976 Monetae—Augustales
648 1935 876 1978 -Carphopetali
890 1955 932 1961 -—
944 1936 1051 1968 Κόκκοι
1073 1946 1123 1970 seu
1143 1945 1278 1979 grana-

343 1986 757 2019 Denarii-Dueatus—Libra
776 1989 1014 2030 argenti—Libra
1029 1990 1088 2021 auri
1098 1990 1223 2022 -Libra
1244 1995 1284 2022 ta-

344 2047 472 2070 renorum
485 2056 526 2062 —
536 2039 838 2072 Nomisma——Ohoius
851 2058 894 2064 -—
906 2040 1079 2083 Scyphati—
1088 2041 1174 2074 Solidi
1184 2061 1223 2066 -
1233 2042 1284 2074 So-

346 2087 391 2119 iidi
413 2087 545 2120 Michalati
555 2088 844 2126 —Tareni—Quarta
865 2094 1065 2123 tarenorum—
1072 2091 1244 2124 Turonenses
1251 2111 1283 2117 —

344 2137 426 2169 Uncia
444 2146 539 2169 aurea.
563 2137 595 2168 V.
619 2137 679 2169 Sub
700 2139 812 2180 singuiis
833 2139 875 2171 his
896 2140 1017 2172 vocibus.

304 2189 390 2219 Mania
412 2189 539 2220 Nicolaus
559 2197 698 2231 possessor
719 2189 816 2231 praedii
838 2191 863 2220 in
885 2200 950 2232 agro
974 2191 1080 2223 Briatici
1101 2193 1172 2225 att.

304 2241 426 2278 Monitor,
448 2238 634 2278 ὑπόμαησιος,
657 2241 772 2281 dignitas
793 2242 982 2280 ecclesiastiea,
1006 2243 1078 2275 226.

303 2291 419 2322 Μοηοιηί
440 2289 556 2323 Constae
577 2290 717 2332 praedium
738 2292 766 2323 in
786 2299 853 2334 agro
875 2293 958 2324 Aetas
978 2293 1051 2324 456.

301 2340 446 2382 Monopolis
468 2341 658 2373 monasterium
677 2341 710 2374 S.
733 2342 845 2375 Niooiai.
870 2343 903 2375 V.
928 2343 1068 2386 Campani,
1094 2345 1225 2386 Argyros.
1245 2363 1284 2368 —

345 2393 571 2431 promontorium,
594 2392 768 2436 ἀκροτῆριον,
790 2395 841 2426 53.

304 2445 473 2477 ,tioneseillus
494 2445 592 2476 Petrus
612 2448 640 2476 et
660 2443 866 2487 christophorus
890 2447 961 2485 152,
989 2447 1054 2479 153,

304 2495 380 2526 Mons
401 2496 518 2533 acutus,
540 2494 623 2534 ροωὴ
645 2493 702 2536 δεῖ»,
725 2496 752 2528 in
773 2505 839 2539 agro
857 2490 946 2539 ‘Orgia
972 2499 1040 2530 149.

303 2565 344 2571 -—
366 2546 492 2579 Casinus.
518 2547 553 2579 V.
575 2547 766 2581 nonasterium
787 2549 942 2582 casinense.

304 2599 431 2631 Montaito
454 2599 581 2639 (loannes
602 2600 647 2641 de)
667 2604 689 2632 t.
713 2600 784 2633 393.

304 2649 421 2681 Montani
442 2650 606 2689 (Demetrius
626 2650 671 2691 de)
693 2650 764 2690 101,
790 2651 859 2690 134,
880 2657 907 2684 et
929 2652 1022 2684 Vitalis
1044 2657 1075 2685 tt.
1102 2654 1170 2686 136.

305 2701 391 2733 Monte
413 2700 574 2741 (Gulieimus
594 2701 640 2742 de)
660 2701 741 2734 donat
762 2698 864 2734 vineam
887 2704 1047 2735 monasterio
1066 2703 1097 2735 S.
1122 2704 1222 2736 Nicolai
1252 2706 1286 2737 de

348 2752 469 2785 Peratieo
492 2753 561 2784 110.

305 2822 346 2827 -
368 2803 472 2844 (libans
494 2803 539 2845 de)
561 2808 581 2835 t.
608 2803 678 2835 124.

306 2854 400 2886 Montis
420 2855 496 2886 Arati
517 2846 709 2888 monasterium
731 2854 762 2886 S.
787 2855 886 2888 Mariae
903 2857 929 2889 in
951 2865 1016 2899 agro
1038 2858 1153 2891 Troiano
1174 2858 1223 2889 32.
1250 2858 1283 2891 V.

345 2909 486 2950 Catapani,
509 2909 698 2942 Constantinus
719 2909 804 2952 Opus.

305 2977 346 2983 —-
369 2957 477 2991 Calveili
499 2961 597 2992 mentio
620 2960 669 2993 19.

306 3029 345 3035 —-
366 3011 448 3044 Frese
469 3011 496 3045 in
517 3019 583 3054 agro
603 3012 748 3047 Tarentino
768 3014 866 3046 mentio
888 3013 938 3046 23.

1325 457 1420 488 Montis
1441 457 1551 499 Persigii
1573 459 1614 490 via
1634 460 1661 491 in
1682 468 1747 501 agro
1770 459 1882 492 Troiano
1907 460 1958 493 19.

1325 508 1438 540 ΜονοΙω
1459 510 1576 541 Basilius
1598 521 1624 542 v.
1651 509 1720 543 185.

1326 560 1432 591 Morene
1452 562 1574 602 princeps
1596 555 1710 593 Carolus
1732 562 1804 594 491.

1326 610 1393 641 Mori
1415 610 1515 642 ilumen
1536 612 1562 642 in
1583 610 1710 643 Calabria
1734 611 1804 644 120.

1326 659 1429 701 Μαρία,
1453 669 1621 701 sycomorus,
1643 661 1695 693 27.

1326 711 1506 744 Morianorum
1529 713 1636 745 cultura
1656 714 1682 744 in
1704 713 1830 745 Calabria
1852 715 1925 754 296,
1949 715 2022 747 297.

1326 762 1431 805 Morphi
1451 764 1559 795 loannis
1580 765 1719 806 praedium
1741 766 1767 796 in
1787 774 1855 807 agro
1876 766 2050 807 Baryehailae
2072 768 2142 801 283.

1326 833 1368 839 -
1388 824 1417 847 n.
1441 817 1460 847 l.
1485 817 1512 847 in
1533 825 1600 857 agro
1620 817 1792 858 Barychaliae
1813 817 1884 850 283.

1326 866 1432 898 Merrae
1453 865 1605 898 canonicus
1626 868 1755 908 magister
1777 867 1913 910 Philippus
1934 868 2092 901 Cosentinus
2113 869 2186 902 319.

1326 916 1407 948 Morri
1430 916 1523 948 Vitalis
1544 918 1683 959 praedium
1705 918 1731 948 in
1752 926 1820 959 agro
1841 918 1946 951 Olettae
1968 920 2039 952 213.

1326 970 1415 1001 Morro
1436 968 1638 1010 (Constantinus
1658 969 1703 1010 de)
1724 970 1845 1002 notarius
1866 972 1887 1001 t.
1912 971 1985 1004 407.

1327 1023 1446 1053 Mosatus
1461 1022 1608 1063 Gregorius
1630 1026 1650 1053 t.
1677 1022 1749 1054 226.

1327 1072 1479 1103 Moschatus
1501 1072 1645 1112 Georgius,
1669 1071 1814 1114 Rogeriu5‚
1839 1072 1965 1105 Nicolaus
1986 1077 2019 1105 tt.
2044 1073 2116 1105 280.

1326 1140 1367 1147 -
1387 1123 1516 1154 Nicolaus
1538 1124 1589 1154 57.

1326 1192 1368 1197 -
1388 1173 1463 1204 Rotri
1486 1174 1554 1204 filius
1576 1174 1656 1205 donat
1677 1176 1838 1208 monasterio
1859 1175 1890 1208 S.
1915 1175 2050 1208 Benedicti
2071 1176 2179 1208 domum
2200 1173 2228 1207 iit
2248 1175 2311 1207 eivi-

1368 1226 1423 1254 tate
1443 1223 1537 1255 Asculi
1562 1223 1612 1263 10,
1637 1225 1687 1263 14,
1714 1225 1767 1257 25.

1328 1274 1435 1305 Mostaci
1458 1283 1487 1305 n.
1511 1274 1530 1309 l.
1557 1274 1626 1306 106.

1327 1325 1437 1357 Mosura
1457 1323 1556 1365 (Vidua
1576 1328 1603 1356 et
1624 1325 1752 1357 Grisonas
1773 1326 1818 1366 de)
1840 1336 1883 1358 vv.
1909 1328 1958 1358 77.

1327 1372 1546 1406 Μουνδουάλδος.
1573 1374 1605 1405 V.
1629 1375 1824 1408 Mundualdus.

1328 1423 1513 1464 Mennis-5030:
1534 1425 1605 1456 356.

1327 1477 1482 1509 Mucatarus
1504 1477 1617 1509 ioannes
1639 1489 1664 1509 v.
1690 1478 1762 1510 559.

1328 1527 1434 1559 Mucato
1454 1528 1561 1568 (Niceta
1581 1528 1623 1569 de)
1645 1532 1666 1561 t.
1693 1528 1763 1560 150.

1329 1581 1462 1612 Muctares
1482 1581 1597 1613 loannes
1620 1590 1645 1613 v.
1670 1580 1742 1613 560.

1327 1632 1416 1663 Mulae
1437 1633 1512 1664 valiis
1532 1634 1559 1664 in
1580 1642 1647 1674 agro
1667 1631 1768 1664 Cataeii
1790 1633 1862 1671 435.
1887 1634 1960 1668 4⁷6.

1328 1684 1437 1722 Mulon,
1460 1682 1563 1723 Ζημῖα,
1586 1685 1618 1722 6,
1632 1685 1663 1723 8,
1680 1688 1707 1716 el
1720 1684 1795 1716 aiibi.

1328 1733 1398 1766 note
1418 1733 1537 1766 nonnulii
1559 1743 1601 1766 vv.
1627 1735 1680 1773 77,
1704 1735 1756 1772 85,
1779 1735 1831 1773 86,
1856 1735 1928 1767 559.
2050 1758 2054 1762 .

1327 1802 1369 1808 -—
1388 1784 1455 1825 (Leo
1475 1785 1520 1825 de)
1544 1785 1615 1818 192.
1640 1786 1674 1817 V.
1698 1785 1798 1817 Aiserio
1820 1785 1929 1826 (Petrus
1951 1790 1978 1817 et
1999 1786 2113 1819 loannes
2135 1787 2192 1825 de).

1327 1854 1368 1859 —
1388 1836 1527 1873 (Nicolaus
1548 1836 1592 1877 de)
1614 1841 1634 1868 t.
1660 1836 1730 1869 336.

1327 1906 1368 1911 -
1387 1888 1523 1930 Troglari.
1548 1888 1583 1919 V.
1608 1888 1742 1929 Troglari.

1328 1938 1417 1971 Maius
1438 1939 1532 1970 Bentia
1554 1943 1574 1972 t.
1602 1938 1672 1977 120,
1698 1939 1768 1970 121.

1329 1991 1489 2022 Munearada
1510 1999 1539 2022 n.
1564 1991 1582 2023 l.
1608 1992 1634 2023 in
1656 2000 1722 2033 agro
1744 1991 1860 2023 Troiano
1885 1993 1934 2023 19.

1327 2042 1424 2073 Munda
1444 2042 1510 2084 (Leo
1530 2043 1575 2083 de)
1590 2051 1726 2084 possessor
1740 2043 1840 2084 praedii
1856 2044 1881 2074 in
1897 2052 1962 2084 agro
1977 2043 2088 2084 Gagiani
2109 2043 2177 2081 tu,
2194 2047 2215 2075 t.
2236 2044 2307 2076 175.

1327 2091 1507 2123 Mundualdus
1528 2092 1600 2130 415,
1614 2092 1670 2124 421
1689 2097 1717 2124 et
1730 2093 1803 2130 alibi,
1816 2092 2011 2134 ἀντιστάτωρ,
2026 2093 2097 2130 523,
2112 2093 2172 2125 521
2187 2098 2214 2125 et
2229 2094 2306 2127 alibi.

1330 2141 1431 2172 §innita
1452 2151 1480 2173 n.
1504 2143 1523 2174 l.
1548 2144 1572 2173 in
1594 2143 1722 2174 Calabria
1744 2143 1816 2174 247.

1329 2193 1443 2223 Munitor
1462 2194 1574 2224 civitatis
1596 2193 1647 2224 96.

1328 2242 1486 2281 Munsurus,
1510 2243 1637 2275 Nicolaus
1658 2248 1685 2275 et
1706 2243 1820 2276 loannes
1841 2245 1987 2286 partiuntur
2014 2255 2075 2275 cuni
2090 2247 2252 2277 inonasteiiu
2274 2245 2306 2277 S.

1370 2294 1442 2325 Petri
1465 2289 1610 2337 imperialis
1631 2296 1770 2333 vivarium,
1794 2297 1871 2327 euius
1892 2297 2028 2327 dimidium
2050 2306 2065 2326 a
2090 2297 2226 2328 iloinnella
2249 2298 2308 2327 Mo-

1367 2346 1428 2377 niali
1449 2348 1535 2379 suerat
1556 2348 1642 2378 eidem
1664 2349 1824 2380 monasterio
1846 2349 1973 2379 «lunatum
1998 2349 2025 2379 7.

1327 2398 1501 2430 Montanarus
1511 2400 1658 2441 Gregorius
1671 2404 1815 2442 protopapa
1829 2399 1880 2430 SS.
1896 2401 2032 2431 'i'riuitaiis
2050 2402 2129 2431 Mileti
2142 2402 2215 2438 495,
2234 2402 2304 2433 496.

1328 2450 1418 2481 Monte
1439 2451 1564 2491 (loannes
1584 2452 1629 2492 de)
1652 2456 1672 2482 t.
1696 2451 1767 2483 261.

1328 2502 1498 2534 Munteiuelio
1520 2502 1666 2540 (liebertus
1687 2503 1731 2541 de)
1754 2507 1774 2533 t.
1803 2503 1871 2534 itt.

1327 2551 1514 2584 bluntesareus
1535 2552 1757 2585 Bartholomaeus
1779 2552 1850 2584 439.

1327 2603 1428 2635 Marcie
1451 2604 1576 2644 (loannes
1597 2605 1642 2646 de)
1664 2614 1690 2636 v.
1716 2605 1784 2636 185.

1328 2655 1464 2687 Murieiota
1485 2656 1613 2688 Zacharia
1635 2656 1708 2690 267.
1732 2657 1764 2688 V.
1789 2657 1874 2688 Filiia.

1327 2707 1448 2738 Murielia
1469 2717 1540 2739 uxor
1561 2707 1662 2740 Nicolai
1684 2709 1787 2739 Maleini
1809 2709 1879 2739 216.

1327 2759 1424 2790 Marini
1444 2759 1631 2792 Castriveteris
1652 2760 1711 2791 557
1718 2783 1723 2791 .

1327 2811 1481 2843 Murisanus
1502 2812 1667 2853 Peregrinus
1689 2821 1827 2854 possessor
1847 2812 1947 2853 praedii
1969 2813 1994 2842 in
2015 2820 2080 2852 agro
2095 2812 2214 2844 Badulati
2231 2813 2303 2852 440,

1368 2862 1440 2900 488,
1463 2862 1536 2894 490.

1327 2914 1452 2946 Moritani
1475 2914 1599 2945 Andreae
1619 2915 1726 2956 praedia
1748 2915 1774 2945 in
1795 2922 1861 2955 agro
1883 2913 2004 2947 Crotonis
2026 2913 2098 2948 ⁶208.

1328 2966 1465 2997 Murmero
1487 2965 1529 3003 (S.
1554 2966 1668 2998 Basilius
1689 2967 1733 3006 de)
1755 2966 1824 2998 429.

1328 3036 1369 3043 —·
1388 3018 1588 3058 (Constantinus
1609 3018 1653 3058 de)
1674 3018 1793 3050 notarius
1814 3018 1886 3052 414.
