2652 3762
1271 363 1319 372 -
1339 345 1381 380 η
1398 363 1444 373 .-

1289 419 1402 474 XlV.

854 529 959 573 1011
974 531 1160 576 —Mense
1179 532 1324 577 octobri
1339 536 1535 602 —lndich
1559 538 1588 581 X
1607 565 1660 573 —
1684 542 1836 586 Salerni.

347 643 489 681 Basilius
510 644 786 692 Protospatharius
803 651 830 680 et
851 645 1032 693 catapanus
1050 647 1162 683 Italiae
1171 647 1389 684 Gasinemibus
1404 649 1566 685 coerwbitt‘s
1582 663 1652 686 eum
1668 654 1795 690 Salerni
1810 665 2050 693 commorantem
2066 659 2257 694 adeuntibus
2272 672 2343 696 con-

397 706 505 752 firmat
518 704 736 752 possessionem
751 704 973 747 hereditatum,
997 719 1078 754 quae
1102 699 1280 744 eorumdem
1304 708 1447 744 coenobio
1472 710 1655 744 obvenerant
1674 713 1816 756 Lesinae,
1837 716 1986 758 Canusii,
2005 718 2152 754 Minora-ii
2177 726 2204 753 et
2221 720 2254 753 in
2271 720 2344 754 aliis

393 765 527 813 Apuliae
552 764 738 806 civitatibus,
755 776 791 800 ae
808 766 984 802 vindicatae
999 769 1129 814 fueram
1154 769 1193 803 ab
1217 768 1336 816 iniquis
1356 768 1582 815 possessoribus
1605 771 1733 806 auxilio
1753 773 1911 820 Catapani
1929 777 2074 824 Greqorii
2098 779 2339 814 Trachanviotae.

390 871 583 916 Preceptum
598 868 706 917 basjlii
722 868 899 918 imperjalis
912 869 1167 917 protospatharii
1191 869 1231 904 de
1246 881 1320 916 pos-

344 927 539 964 sessionibus
554 927 668 974 Sancti
678 927 845 964 benedicti
860 927 893 963 in
907 927 1073 975 apulja.et
1085 928 1203 963 Sancto
1216 928 1322 963 Bene-

346 985 433 1022 ‹licto
448 985 482 1021 in
499 985 645 1022 canusia.
983 999 986 1002 ·
1085 993 1088 996 ’

389 1044 527 1092 Basiljus
547 1043 826 1092 protospatharius
843 1048 877 1079 et
892 1047 1049 1090 catepano
1064 1042 1154 1091 italje
1165 1069 1175 1084 ,
1195 1042 1235 1078 de
1251 1055 1320 1078 me-

343 1103 504 1140 sardouia.
520 1105 603 1149 Cum
611 1107 700 1144 esset
711 1114 764 1138 me
779 1102 813 1137 in
826 1106 948 1137 terram
961 1100 1163 1149 principibus
1173 1107 1272 1150 atque
1285 1102 1319 1137 in

342 1163 476 1199 civitate
495 1162 622 1198 salerno
638 1161 848 1208 applicatum:
862 1165 1026 1196 venerunt
1041 1160 1082 1196 ad
1098 1172 1152 1196 me
1167 1161 1319 1197 monachi

343 1220 382 1254 ‹le
395 1224 504 1255 monte
520 1215 750 1258 cassenum3de
763 1217 959 1255 monasterio
975 1217 1077 1253 sancti
1092 1217 1267 1253 benedicti.
1285 1223 1318 1253 et

339 1282 602 1314 monstraverunt
622 1275 704 1314 mihi
720 1275 930 1311 traditionem
944 1275 984 1311 de·
1002 1276 1140 1313 diversis
1156 1276 1318 1312 heredita-

339 1335 449 1375 tibus3
468 1333 526 1381 qui
551 1338 627 1369 sunt
651 1333 686 1368 in
709 1338 835 1368 terram
858 1333 980 1381 apulie.
1007 1339 1173 1382 que-ante
1197 1333 1317 1369 multos

338 1403 438 1427 annos
451 1391 485 1426 in
499 1389 566 1426 suis
581 1390 712 1426 tenebat
728 1390 926 1432 dominibus;
941 1391 1089 1438 predicto
1104 1390 1313 1426 monasterio.

337 1450 423 1485 unde
440 1449 481 1485 ab
493 1449 564 1497 ipso
587 1448 776 1486 anticessori
797 1453 910 1485 nostro
925 1448 1121 1489 trachauioti
1137 1454 1313 1496 catepano:

338 1511 470 1545 fuerunt
486 1508 623 1543 liberate
641 1507 709 1555 ipse
725 1507 931 1549 hereditates:
945 1507 986 1543 ab
1002 1507 1054 1543 his
1069 1507 1128 1555 qui
1144 1506 1205 1555 per
1220 1507 1315 1543 sortia

336 1567 490 1604 tenebant
512 1578 580 1602 eas.
601 1571 635 1602 et
652 1565 787 1602 tradidit
809 1578 864 1602 eas
881 1566 923 1602 ad
939 1572 1067 1614 partem
1090 1565 1227 1614 predictj
1244 1577 1315 1601 mo-

334 1626 481 1663 nasterii.
501 1627 585 1662 sicut
599 1625 668 1673 ipsa
685 1630 774 1661 carta
790 1625 973 1662 traditionis
990 1626 1170 1661 renuntiat.
1189 1626 1227 1661 In
1247 1636 1314 1672 quo

335 1685 481 1721 videntes
497 1684 573 1732 quia
590 1696 652 1731 pro
662 1676 755 1731 'justo
766 1683 891 1731 judicio
913 1684 1031 1720 tradite
1048 1689 1123 1720 sunt
1139 1684 1208 1731 ipse
1219 1683 1315 1719 here-

333 1743 449 1779 ditates
462 1741 503 1777 ad
516 1739 1013 1788 monasterioiprosecutavimus
1025 1742 1094 1788 ipsa
1107 1742 1177 1788 lege
1186 1741 1313 1777 tracha-

334 1801 429 1842 moti,
448 1806 481 1836 et
498 1801 666 1836 firmamus
683 1799 771 1847 quod
787 1799 868 1834 hene
885 1799 970 1835 axit.
989 1805 1022 1835 et
1035 1798 1198 1847 precipuit
1213 1804 1312 1846 atque

334 1857 481 1895 tradidit.
501 1859 583 1893 Sunt
599 1856 692 1892 enim
709 1856 777 1903 ipse
798 1856 993 1893 hereditates
1009 1855 1113 1904 posite
1129 1856 1165 1892 in
1180 1855 1311 1891 civitate

335 1921 435 1968 ljsena
454 1931 463 1959 ς
492 1917 571 1953 soris
594 1917 699 1952 urhis.
726 1916 897 1952 ecclesiam
922 1917 1026 1952 sancti
1049 1915 1212 1952 benedicti
1235 1927 1312 1951 cum

335 1990 391 2014 sua
409 1976 615 2025 pertjnentja.
642 1980 676 2011 et
691 1975 802 2011 vineas
818 1974 962 2010 desertas
984 1980 1018 2010 et
1034 1975 1196 2010 territorio
1220 1979 1253 2009 et
1270 1974 1311 2009 de

334 2037 422 2071 intus
438 2032 507 2080 ipsa
526 2031 657 2067 civitate
673 2043 764 2067 casas
779 2031 916 2067 dirutas.
934 2036 967 2067 et
983 2032 1116 2066 flumine
1132 2031 1191 2078 qui
1206 2031 1311 2067 nomi-

334 2098 431 2128 natur
447 2089 545 2126 lauri.
569 2089 641 2136 ipsa
659 2089 784 2136 piscara
800 2089 858 2136 qui
874 2088 923 2124 ibi
938 2088 1042 2124 abuit.
1058 2093 1091 2123 et
1104 2088 1166 2124 alia
1183 2088 1310 2135 piscare

335 2152 392 2199 qui
416 2149 601 2186 nominatur
625 2147 728 2183 sancti
748 2147 924 2183 benedicti.
942 2148 984 2182 Et
1000 2146 1034 2181 in
1051 2147 1255 2194 pertinentiis
1270 2147 1310 2182 de

332 2207 464 2245 civitate
486 2207 608 2242 asculo.
628 2206 662 2241 in
679 2206 794 2241 hillam
817 2205 875 2254 qui
892 2202 1137 2252 cofflominatur
1153 2205 1306 2241 lanuano.

334 2265 495 2303 clausurie
507 2264 670 2302 territorio
686 2269 798 2312 putea.
812 2263 892 2301 et'in
908 2263 1017 2299 locum
1032 2261 1091 2310 qui
1107 2260 1227 2301 dieitur
1238 2275 1308 2299 me-

1360 870 1516 906 lessecna.
1544 871 1705 907 clausurie
1722 877 1755 908 et
1773 874 1937 910 territorio
1954 881 1988 912 et
2004 884 2113 924 putea.
2133 884 2166 915 et
2182 879 2216 915 in
2233 879 2340 916 locum

1361 928 1421 976 qui
1449 928 1570 964 dicitur
1594 930 1696 965 sancti
1720 930 1869 967 iohannis
1892 933 1927 968 in
1951 935 2092 971 ruliana.
2120 937 2282 974 clausurie
2306 944 2340 974 et

1361 984 1539 1020 territorie.
1559 991 1592 1021 et
1609 985 1643 1021 in
1660 986 1769 1022 locum
1794 988 1853 1036 qui
1876 988 1995 1025 dicitur
2020 998 2130 1028 sancto
2154 994 2340 1031 decorentio

1361 1041 1539 1078 territoria.
1562 1048 1596 1079 et
1613 1044 1702 1079 intus
1717 1045 1788 1092 ipsa
1803 1046 1934 1082 civitate
1951 1048 2062 1084 asculo
2083 1061 2154 1085 casa
2171 1051 2333 1088 solariata.

1360 1111 1424 1146 que
1448 1105 1523 1136 ante
1542 1100 1602 1137 hos
1626 1114 1727 1138 annos
1751 1102 1905 1140 donatam
1923 1104 2037 1141 hahuit
2060 1112 2225 1143 muscatus
2248 1109 2335 1145 filius

1359 1157 1443 1192 rotri
1461 1157 1585 1206 inipso
1610 1160 1771 1207 prephato
1794 1162 2004 1198 monasterio.
2024 1175 2085 1210 pro
2110 1163 2339 1211 redemptionis

1358 1215 1465 1251 anime
1490 1228 1561 1253 sue.
1586 1218 1744 1254 Similiter
1772 1224 1806 1255 et
1829 1221 1864 1256 iu
1887 1220 2019 1257 civitate
2043 1234 2176 1257 canusa.
2210 1221 2245 1258 in
2269 1223 2337 1271 ipsa

1357 1272 1490 1310 civitate
1507 1286 1572 1322 que
1584 1282 1694 1311 vetere
1717 1276 1849 1313 videtur
1866 1290 1934 1314 esse
1946 1279 2044 1326 juxta
2057 1280 2228 1316 eeclesiam
2242 1280 2336 1316 beate

1357 1331 1522 1379 euphimie
1547 1333 1692 1369 martiris
1717 1334 1879 1382 templum
1902 1336 1989 1372 beati
2013 1337 2187 1373 benedicti.
2207 1343 2241 1373 et
2264 1350 2338 1373 mo-

1357 1387 1464 1424 linum
1489 1389 1529 1426 de
1554 1402 1656 1438 aqua.
1688 1397 1722 1427 et
1745 1391 1924 1428 territorie.
1950 1399 1985 1428 et
2007 1394 2043 1429 in
2067 1395 2271 1442 pertinentiis
2299 1396 2338 1431 de

1356 1445 1492 1485 civitate
1516 1448 1698 1484 minervine
1723 1448 1911 1496 speluncam
1930 1449 1988 1484 ubi
2007 1456 2055 1485 est
2071 1451 2239 1488 ecclesiam
2263 1464 2337 1488 san-

1355 1504 1400 1539 cti
1416 1504 1599 1541 salvatoris.
1625 1512 1658 1542 et
1675 1506 1839 1542 territorio
1856 1512 1891 1543 et
1914 1507 1948 1542 in
1964 1506 2096 1542 civitate
2122 1509 2280 1544 tranensis
2298 1510 2333 1544 in

1356 1564 1469 1600 villam
1486 1577 1551 1612 que
1567 1571 1616 1601 est
1640 1565 1679 1601 de
1692 1567 1761 1613 ipsa
1778 1565 1913 1603 civitate
1937 1566 1995 1613 qui
2012 1565 2260 1613 cognominatur
2279 1579 2337 1602 an-

1355 1623 1412 1658 dre
1437 1623 1533 1659 vinee
1557 1623 1683 1659 deserte
1706 1629 1740 1659 et
1763 1624 1928 1672 oljvetalje
1952 1624 2207 1671 vigjntjseptem.
2233 1630 2267 1660 et
2298 1625 2331 1660 in

1354 1680 1425 1727 ipso
1440 1681 1514 1716 rivo
1531 1682 1590 1730 qui
1604 1687 1741 1717 vocatur
1759 1681 1799 1717 de
1813 1682 1886 1729 ipso
1900 1681 2059 1716 monacho
2076 1681 2242 1717 territorie
2261 1694 2337 1729 pro-

1354 1746 1464 1786 pterea
1488 1740 1549 1775 hec
1564 1741 1673 1775 omnia
1699 1740 1897 1786 precipimus
1913 1751 1972 1774 nos
1992 1745 2031 1776 ut
2048 1744 2157 1775 teneat
2181 1746 2214 1776 et
2231 1740 2336 1776 domi-

1353 1803 1408 1833 net
1433 1798 1504 1844 ipso
1529 1798 1677 1845 predicto
1702 1797 1899 1833 monasterio
1922 1797 1957 1832 in
1982 1797 2171 1834 incessabile
2196 1804 2230 1834 et
2254 1799 2336 1846 eotj-

1353 1857 1448 1892 diano
1464 1856 1622 1891 dominio.
1649 1869 1667 1891 a
1685 1856 1776 1891 nullo
1801 1855 1931 1891 homine
1955 1856 2143 1903 impedientj
2169 1867 2226 1891 seu
2252 1857 2335 1903 retj-

1353 1917 1442 1963 nentj
1456 1915 1575 1962 aquuit
1589 1919 1622 1948 et
1634 1925 1694 1961 pro
1710 1913 1883 1949 securitate
1905 1919 1938 1949 et
1955 1914 2085 1961 veritatj
2104 1919 2230 1948 textum
2246 1912 2334 1948 hunc

1351 1975 1454 2010 nostri
1472 1975 1713 2009 firmamentum
1732 1972 1872 2020 propriis
1886 1972 2004 2008 nostris
2024 1972 2174 2007 manibus
2194 1971 2345 2008 subscri-.

1351 2032 1474 2079 psimus
1490 2043 1589 2079 quam
1610 2036 1731 2065 etcum
1744 2030 1838 2065 bulla*
1848 2036 1957 2066 nostra
1971 2030 2122 2078 plumbea
2135 2030 2333 2076 signavimus

1352 2101 1429 2125 eum
1454 2094 1487 2124 et
1511 2088 1688 2123 rescribere
1713 2087 1808 2122 illum
1838 2087 1974 2133 fecimus
1998 2099 2059 2134 pro
2084 2087 2203 2134 quibus
2228 2087 2329 2122 sancti

1351 2144 1538 2181 monasterii
1555 2146 1594 2180 de
1610 2156 1707 2192 greco
1723 2145 1758 2179 iu
1774 2144 1889 2179 latino.
1905 2150 1938 2180 et
1951 2144 2099 2180 dedimus
2115 2155 2223 2179 mense
2236 2149 2329 2178 octu-

1350 2204 1422 2240 ber.
1450 2204 1627 2240 Indictione
1652 2203 1789 2238 decima.
1823 2202 1913 2239 Anni
1942 2203 1983 2238 ab
2007 2202 2101 2250 initjo
2131 2201 2244 2237 mundi
2274 2213 2331 2237 sex

1349 2263 1440 2312 milja
1458 2263 1651 2311 quingentos
1668 2263 1797 2310 vigjntj.

1587 2336 1651 2379 (Ex
1664 2335 1732 2379 Reg.
1750 2336 1824 2369 Petri
1838 2335 2032 2369 Diae—Fal.
2050 2336 2083 2368 L.
2100 2336 2146 2367 n.⁰
2163 2335 2246 2377 119..)
