<?xml version="1.0" encoding="UTF-8"?>
<!DOCTYPE html PUBLIC "-//W3C//DTD XHTML 1.0 Transitional//EN"
    "http://www.w3.org/TR/xhtml1/DTD/xhtml1-transitional.dtd">
<html xmlns="http://www.w3.org/1999/xhtml" xml:lang="en" lang="en">
 <head>
  <title>
</title>
<meta http-equiv="Content-Type" content="text/html;charset=utf-8" />
  <meta name='ocr-system' content='tesseract 3.04.00' />
  <meta name='ocr-capabilities' content='ocr_page ocr_carea ocr_par ocr_line ocrx_word'/>
</head>
<body>
  <div class='ocr_page' id='page_1' title='image "./syllabusgraecaru00trinuoft_0038.png"; bbox 0 0 2652 3762; ppageno 0'>
   <div class='ocr_carea' id='block_1_1' title="bbox 1308 398 1458 432">
    <p class='ocr_par' dir='ltr' id='par_1_1' title="bbox 1308 398 1458 432">
     <span class='ocr_line' id='line_1_1' title="bbox 1308 398 1458 432; baseline 0 -7"><span class='ocrx_word' id='word_1_1' title='bbox 1308 398 1458 432; x_wconf 55' lang='grc'><strong>-4-</strong></span> 
     </span>
    </p>
   </div>
   <div class='ocr_carea' id='block_1_2' title="bbox 394 463 2381 572">
    <p class='ocr_par' dir='ltr' id='par_1_2' title="bbox 394 463 2381 572">
     <span class='ocr_line' id='line_1_2' title="bbox 399 463 2380 511; baseline 0.001 -12"><span class='ocrx_word' id='word_1_2' title='bbox 399 463 522 499; x_wconf 73' lang='lat' dir='ltr'><strong>that-ius</strong></span> <span class='ocrx_word' id='word_1_3' title='bbox 546 463 732 497; x_wconf 82' lang='lat' dir='ltr'><strong>candidatus</strong></span> <span class='ocrx_word' id='word_1_4' title='bbox 749 473 822 498; x_wconf 87' lang='lat' dir='ltr'><strong>sum</strong></span> <span class='ocrx_word' id='word_1_5' title='bbox 846 463 974 499; x_wconf 86' lang='lat' dir='ltr'><strong>locutus</strong></span> <span class='ocrx_word' id='word_1_6' title='bbox 993 465 1041 499; x_wconf 86' lang='lat' dir='ltr'><strong>fui</strong></span> <span class='ocrx_word' id='word_1_7' title='bbox 1064 464 1167 511; x_wconf 86' lang='lat' dir='ltr'><strong>ipsius</strong></span> <span class='ocrx_word' id='word_1_8' title='bbox 1190 464 1366 510; x_wconf 79' lang='lat' dir='ltr'><strong>magelgari</strong></span> <span class='ocrx_word' id='word_1_9' title='bbox 1407 463 1534 499; x_wconf 85' lang='lat' dir='ltr'><strong>duobus</strong></span> <span class='ocrx_word' id='word_1_10' title='bbox 1551 464 1706 501; x_wconf 82' lang='lat' dir='ltr'><strong>lateribus</strong></span> <span class='ocrx_word' id='word_1_11' title='bbox 1722 477 1818 501; x_wconf 79' lang='lat' dir='ltr'><strong>causa</strong></span> <span class='ocrx_word' id='word_1_12' title='bbox 1844 465 1897 502; x_wconf 81' lang='lat' dir='ltr'><strong>vel</strong></span> <span class='ocrx_word' id='word_1_13' title='bbox 1915 465 2146 502; x_wconf 88' lang='lat' dir='ltr'><strong>monasterium</strong></span> <span class='ocrx_word' id='word_1_14' title='bbox 2164 465 2259 502; x_wconf 82' lang='lat' dir='ltr'><strong>tertio</strong></span> <span class='ocrx_word' id='word_1_15' title='bbox 2276 465 2380 502; x_wconf 88' lang='lat' dir='ltr'><strong>latere</strong></span> 
     </span>
     <span class='ocr_line' id='line_1_3' title="bbox 394 520 2381 572; baseline 0.002 -17"><span class='ocrx_word' id='word_1_16' title='bbox 394 533 456 555; x_wconf 91' lang='lat' dir='ltr'><strong>non</strong></span> <span class='ocrx_word' id='word_1_17' title='bbox 474 520 565 555; x_wconf 84' lang='lat' dir='ltr'><strong>audis</strong></span> <span class='ocrx_word' id='word_1_18' title='bbox 590 532 673 567; x_wconf 85' lang='lat' dir='ltr'><strong>quac</strong></span> <span class='ocrx_word' id='word_1_19' title='bbox 689 521 744 556; x_wconf 88' lang='lat' dir='ltr'><strong>isti</strong></span> <span class='ocrx_word' id='word_1_20' title='bbox 769 522 923 556; x_wconf 80' lang='lat' dir='ltr'><strong>adversus</strong></span> <span class='ocrx_word' id='word_1_21' title='bbox 949 528 979 556; x_wconf 89' lang='lat' dir='ltr'><strong>tc</strong></span> <span class='ocrx_word' id='word_1_22' title='bbox 998 522 1160 557; x_wconf 83' lang='lat' dir='ltr'><strong>testificat.</strong></span> <span class='ocrx_word' id='word_1_23' title='bbox 1187 521 1243 555; x_wconf 85' lang='lat' dir='ltr'><strong>ille</strong></span> <span class='ocrx_word' id='word_1_24' title='bbox 1257 522 1366 555; x_wconf 86' lang='lat' dir='ltr'><strong>statim</strong></span> <span class='ocrx_word' id='word_1_25' title='bbox 1410 529 1495 558; x_wconf 87' lang='lat' dir='ltr'><strong>terra</strong></span> <span class='ocrx_word' id='word_1_26' title='bbox 1514 524 1579 557; x_wconf 81' lang='lat' dir='ltr'><strong>sere</strong></span> <span class='ocrx_word' id='word_1_27' title='bbox 1605 530 1720 570; x_wconf 87' lang='lat' dir='ltr'><strong>quarta</strong></span> <span class='ocrx_word' id='word_1_28' title='bbox 1746 525 1876 571; x_wconf 84' lang='lat' dir='ltr'><strong>quidem</strong></span> <span class='ocrx_word' id='word_1_29' title='bbox 1903 535 1978 571; x_wconf 86' lang='lat' dir='ltr'><strong>pars</strong></span> <span class='ocrx_word' id='word_1_30' title='bbox 1995 524 2047 559; x_wconf 91' lang='lat' dir='ltr'><strong>via</strong></span> <span class='ocrx_word' id='word_1_31' title='bbox 2067 525 2173 571; x_wconf 82' lang='lat' dir='ltr'><strong>pergit</strong></span> <span class='ocrx_word' id='word_1_32' title='bbox 2187 524 2329 572; x_wconf 85' lang='lat' dir='ltr'><strong>publica;</strong></span> <span class='ocrx_word' id='word_1_33' title='bbox 2347 530 2381 559; x_wconf 88' lang='lat' dir='ltr'><strong>ct</strong></span> 
     </span>
    </p>
   </div>
   <div class='ocr_carea' id='block_1_3' title="bbox 348 577 1367 918">
    <p class='ocr_par' dir='ltr' id='par_1_3' title="bbox 348 577 1367 918">
     <span class='ocr_line' id='line_1_4' title="bbox 348 577 1363 624; baseline 0 -12"><span class='ocrx_word' id='word_1_34' title='bbox 348 577 353 582; x_wconf 85' lang='grc'><em>“</em></span> <span class='ocrx_word' id='word_1_35' title='bbox 391 577 611 612; x_wconf 74' lang='lat' dir='ltr'><strong>manifestavit</strong></span> <span class='ocrx_word' id='word_1_36' title='bbox 634 583 668 612; x_wconf 87' lang='lat' dir='ltr'><strong>et</strong></span> <span class='ocrx_word' id='word_1_37' title='bbox 683 578 768 613; x_wconf 82' lang='lat' dir='ltr'>dixit</span> <span class='ocrx_word' id='word_1_38' title='bbox 792 580 911 614; x_wconf 89' lang='lat' dir='ltr'><strong>veritas</strong></span> <span class='ocrx_word' id='word_1_39' title='bbox 935 584 968 613; x_wconf 88' lang='lat' dir='ltr'><strong>et</strong></span> <span class='ocrx_word' id='word_1_40' title='bbox 990 590 1106 624; x_wconf 84' lang='lat' dir='ltr'><strong>negare</strong></span> <span class='ocrx_word' id='word_1_41' title='bbox 1131 590 1195 613; x_wconf 91' lang='lat' dir='ltr'><strong>non</strong></span> <span class='ocrx_word' id='word_1_42' title='bbox 1220 589 1363 624; x_wconf 87' lang='lat' dir='ltr'><strong>possum;</strong></span> 
     </span>
     <span class='ocr_line' id='line_1_5' title="bbox 391 635 1367 682; baseline 0.003 -14"><span class='ocrx_word' id='word_1_43' title='bbox 391 635 468 681; x_wconf 86' lang='lat' dir='ltr'><strong>qnia</strong></span> <span class='ocrx_word' id='word_1_44' title='bbox 486 647 581 670; x_wconf 86' lang='lat' dir='ltr'><strong>eausa</strong></span> <span class='ocrx_word' id='word_1_45' title='bbox 599 636 774 682; x_wconf 80' lang='lat' dir='ltr'><strong>superdicti</strong></span> <span class='ocrx_word' id='word_1_46' title='bbox 790 636 979 671; x_wconf 86' lang='lat' dir='ltr'><strong>monasterii</strong></span> <span class='ocrx_word' id='word_1_47' title='bbox 997 641 1047 671; x_wconf 90' lang='lat' dir='ltr'><strong>est</strong></span> <span class='ocrx_word' id='word_1_48' title='bbox 1066 636 1146 671; x_wconf 89' lang='lat' dir='ltr'><strong>dum</strong></span> <span class='ocrx_word' id='word_1_49' title='bbox 1161 636 1222 671; x_wconf 88' lang='lat' dir='ltr'><strong>hoc</strong></span> <span class='ocrx_word' id='word_1_50' title='bbox 1240 636 1367 671; x_wconf 86' lang='lat' dir='ltr'><strong>intelle-</strong></span> 
     </span>
     <span class='ocr_line' id='line_1_6' title="bbox 390 692 1367 741; baseline 0.003 -15"><span class='ocrx_word' id='word_1_51' title='bbox 390 692 499 726; x_wconf 80' lang='lat' dir='ltr'>ximus</span> <span class='ocrx_word' id='word_1_52' title='bbox 516 705 573 739; x_wconf 84' lang='lat' dir='ltr'><strong>per</strong></span> <span class='ocrx_word' id='word_1_53' title='bbox 590 700 774 728; x_wconf 87' lang='lat' dir='ltr'><strong>nostrorum</strong></span> <span class='ocrx_word' id='word_1_54' title='bbox 796 693 1058 739; x_wconf 82' lang='lat' dir='ltr'><strong>supradictorum</strong></span> <span class='ocrx_word' id='word_1_55' title='bbox 1079 693 1239 741; x_wconf 85' lang='lat' dir='ltr'><strong>judicium</strong></span> <span class='ocrx_word' id='word_1_56' title='bbox 1264 700 1367 729; x_wconf 84' lang='lat' dir='ltr'><strong>retra-</strong></span> 
     </span>
     <span class='ocr_line' id='line_1_7' title="bbox 389 750 1365 799; baseline 0.002 -13"><span class='ocrx_word' id='word_1_57' title='bbox 389 750 466 786; x_wconf 86' lang='lat' dir='ltr'><strong>dcre</strong></span> <span class='ocrx_word' id='word_1_58' title='bbox 483 753 619 787; x_wconf 78' lang='lat' dir='ltr'><strong>fecimus</strong></span> <span class='ocrx_word' id='word_1_59' title='bbox 635 753 736 799; x_wconf 81' lang='lat' dir='ltr'><strong>ipsius</strong></span> <span class='ocrx_word' id='word_1_60' title='bbox 751 753 926 799; x_wconf 76' lang='lat' dir='ltr'><strong>praepositi</strong></span> <span class='ocrx_word' id='word_1_61' title='bbox 939 765 1003 788; x_wconf 84' lang='lat' dir='ltr'><strong>una</strong></span> <span class='ocrx_word' id='word_1_62' title='bbox 1015 765 1091 789; x_wconf 90' lang='lat' dir='ltr'><strong>cum</strong></span> <span class='ocrx_word' id='word_1_63' title='bbox 1103 766 1181 790; x_wconf 90' lang='lat' dir='ltr'><strong>suus</strong></span> <span class='ocrx_word' id='word_1_64' title='bbox 1193 753 1365 789; x_wconf 86' lang='lat' dir='ltr'><strong>advocatus</strong></span> 
     </span>
     <span class='ocr_line' id='line_1_8' title="bbox 389 809 1367 860; baseline 0.002 -16"><span class='ocrx_word' id='word_1_65' title='bbox 389 809 496 855; x_wconf 78' lang='lat' dir='ltr'><strong>ipsum</strong></span> <span class='ocrx_word' id='word_1_66' title='bbox 513 810 638 846; x_wconf 84' lang='lat' dir='ltr'><strong>hortale</strong></span> <span class='ocrx_word' id='word_1_67' title='bbox 655 822 731 846; x_wconf 90' lang='lat' dir='ltr'><strong>cum</strong></span> <span class='ocrx_word' id='word_1_68' title='bbox 743 811 812 857; x_wconf 83' lang='lat' dir='ltr'><strong>ipsa</strong></span> <span class='ocrx_word' id='word_1_69' title='bbox 825 817 923 858; x_wconf 84' lang='lat' dir='ltr'><strong>putea</strong></span> <span class='ocrx_word' id='word_1_70' title='bbox 940 812 1119 848; x_wconf 83' lang='lat' dir='ltr'><strong>secundum</strong></span> <span class='ocrx_word' id='word_1_71' title='bbox 1130 813 1231 860; x_wconf 86' lang='lat' dir='ltr'><strong>ipsius</strong></span> <span class='ocrx_word' id='word_1_72' title='bbox 1245 813 1367 859; x_wconf 86' lang='lat' dir='ltr'><strong>magel-</strong></span> 
     </span>
     <span class='ocr_line' id='line_1_9' title="bbox 390 866 1365 918; baseline 0.003 -16"><span class='ocrx_word' id='word_1_73' title='bbox 390 867 460 913; x_wconf 79' lang='lat' dir='ltr'><strong>gari</strong></span> <span class='ocrx_word' id='word_1_74' title='bbox 477 866 787 905; x_wconf 77' lang='lat' dir='ltr'><strong>manifestationem.</strong></span> <span class='ocrx_word' id='word_1_75' title='bbox 811 870 870 917; x_wconf 86' lang='lat' dir='ltr'><strong>qui</strong></span> <span class='ocrx_word' id='word_1_76' title='bbox 884 869 960 907; x_wconf 81' lang='lat' dir='ltr'><strong>finis</strong></span> <span class='ocrx_word' id='word_1_77' title='bbox 980 870 1079 907; x_wconf 87' lang='lat' dir='ltr'><strong>habet</strong></span> <span class='ocrx_word' id='word_1_78' title='bbox 1101 871 1169 918; x_wconf 82' lang='lat' dir='ltr'><strong>ipse</strong></span> <span class='ocrx_word' id='word_1_79' title='bbox 1185 870 1309 905; x_wconf 86' lang='lat' dir='ltr'><strong>hortale</strong></span> <span class='ocrx_word' id='word_1_80' title='bbox 1325 870 1365 905; x_wconf 87' lang='lat' dir='ltr'><strong>dc</strong></span> 
     </span>
    </p>
   </div>
   <div class='ocr_carea' id='block_1_4' title="bbox 1407 580 2381 860">
    <p class='ocr_par' dir='ltr' id='par_1_4' title="bbox 1407 580 2381 860">
     <span class='ocr_line' id='line_1_10' title="bbox 1407 580 2380 628; baseline 0.001 -14"><span class='ocrx_word' id='word_1_81' title='bbox 1407 580 1491 614; x_wconf 90' lang='lat' dir='ltr'><strong>unde</strong></span> <span class='ocrx_word' id='word_1_82' title='bbox 1508 592 1568 626; x_wconf 90' lang='lat' dir='ltr'><strong>pro</strong></span> <span class='ocrx_word' id='word_1_83' title='bbox 1584 581 1753 616; x_wconf 84' lang='lat' dir='ltr'><strong>securitate</strong></span> <span class='ocrx_word' id='word_1_84' title='bbox 1772 582 1856 616; x_wconf 85' lang='lat' dir='ltr'><strong>beati</strong></span> <span class='ocrx_word' id='word_1_85' title='bbox 1874 581 2033 616; x_wconf 87' lang='lat' dir='ltr'><strong>benedicti</strong></span> <span class='ocrx_word' id='word_1_86' title='bbox 2050 593 2150 628; x_wconf 87' lang='lat' dir='ltr'><strong>quam</strong></span> <span class='ocrx_word' id='word_1_87' title='bbox 2171 586 2204 616; x_wconf 86' lang='lat' dir='ltr'><strong>ct</strong></span> <span class='ocrx_word' id='word_1_88' title='bbox 2220 580 2259 616; x_wconf 86' lang='lat' dir='ltr'><strong>de</strong></span> <span class='ocrx_word' id='word_1_89' title='bbox 2278 580 2380 616; x_wconf 80' lang='lat' dir='ltr'><strong>teodi-</strong></span> 
     </span>
     <span class='ocr_line' id='line_1_11' title="bbox 1407 637 2378 684; baseline 0 -13"><span class='ocrx_word' id='word_1_90' title='bbox 1407 649 1468 672; x_wconf 85' lang='lat' dir='ltr'><strong>nus</strong></span> <span class='ocrx_word' id='word_1_91' title='bbox 1492 637 1674 683; x_wconf 77' lang='lat' dir='ltr'><strong>prepositus</strong></span> <span class='ocrx_word' id='word_1_92' title='bbox 1699 638 1758 672; x_wconf 81' lang='lat' dir='ltr'><strong>hoe</strong></span> <span class='ocrx_word' id='word_1_93' title='bbox 1785 644 1931 673; x_wconf 88' lang='lat' dir='ltr'><strong>nostrum</strong></span> <span class='ocrx_word' id='word_1_94' title='bbox 1955 638 2162 672; x_wconf 88' lang='lat' dir='ltr'><strong>cdemisimus</strong></span> <span class='ocrx_word' id='word_1_95' title='bbox 2181 637 2378 684; x_wconf 71' lang='lat' dir='ltr'><strong>judicatunu</strong></span> 
     </span>
     <span class='ocr_line' id='line_1_12' title="bbox 1407 693 2381 740; baseline -0.001 -13"><span class='ocrx_word' id='word_1_96' title='bbox 1407 706 1507 740; x_wconf 85' lang='lat' dir='ltr'><strong>quam</strong></span> <span class='ocrx_word' id='word_1_97' title='bbox 1524 699 1554 729; x_wconf 92' lang='lat' dir='ltr'><strong>te</strong></span> <span class='ocrx_word' id='word_1_98' title='bbox 1571 706 1781 729; x_wconf 78' lang='lat' dir='ltr'><strong>crinecausns</strong></span> <span class='ocrx_word' id='word_1_99' title='bbox 1799 696 1952 731; x_wconf 75' lang='lat' dir='ltr'><strong>diat-onus</strong></span> <span class='ocrx_word' id='word_1_100' title='bbox 1965 701 1998 730; x_wconf 84' lang='lat' dir='ltr'><strong>et</strong></span> <span class='ocrx_word' id='word_1_101' title='bbox 2012 694 2158 730; x_wconf 88' lang='lat' dir='ltr'><strong>notarius</strong></span> <span class='ocrx_word' id='word_1_102' title='bbox 2170 693 2313 729; x_wconf 81' lang='lat' dir='ltr'><strong>scribere</strong></span> <span class='ocrx_word' id='word_1_103' title='bbox 2325 693 2381 727; x_wconf 86' lang='lat' dir='ltr'><strong>dc-</strong></span> 
     </span>
     <span class='ocr_line' id='line_1_13' title="bbox 1408 751 2379 800; baseline 0 -14"><span class='ocrx_word' id='word_1_104' title='bbox 1408 752 1631 787; x_wconf 81' lang='lat' dir='ltr'><strong>mandavimus</strong></span> <span class='ocrx_word' id='word_1_105' title='bbox 1644 753 1733 788; x_wconf 91' lang='lat' dir='ltr'><strong>intus</strong></span> <span class='ocrx_word' id='word_1_106' title='bbox 1751 755 1855 789; x_wconf 86' lang='lat' dir='ltr'><strong>casale</strong></span> <span class='ocrx_word' id='word_1_107' title='bbox 1869 765 2060 800; x_wconf 87' lang='lat' dir='ltr'><strong>cupersano.</strong></span> <span class='ocrx_word' id='word_1_108' title='bbox 2075 753 2212 800; x_wconf 82' lang='lat' dir='ltr'><strong>Signum</strong></span> <span class='ocrx_word' id='word_1_109' title='bbox 2221 751 2252 800; x_wconf 94' lang='lat'>†</span> <span class='ocrx_word' id='word_1_110' title='bbox 2265 762 2379 786; x_wconf 87' lang='lat' dir='ltr'><strong>manu-</strong></span> 
     </span>
     <span class='ocr_line' id='line_1_14' title="bbox 1407 810 2376 860; baseline -0.002 -14"><span class='ocrx_word' id='word_1_111' title='bbox 1407 811 1553 858; x_wconf 86' lang='lat' dir='ltr'><strong>dalsponi</strong></span> <span class='ocrx_word' id='word_1_112' title='bbox 1568 810 1744 858; x_wconf 88' lang='lat' dir='ltr'><strong>imperialis</strong></span> <span class='ocrx_word' id='word_1_113' title='bbox 1760 813 1943 859; x_wconf 76' lang='lat' dir='ltr'><strong>spatharius</strong></span> <span class='ocrx_word' id='word_1_114' title='bbox 1958 811 2120 848; x_wconf 84' lang='lat' dir='ltr'><strong>candidati</strong></span> <span class='ocrx_word' id='word_1_115' title='bbox 2138 811 2196 860; x_wconf 90' lang='lat' dir='ltr'><strong>qui</strong></span> <span class='ocrx_word' id='word_1_116' title='bbox 2213 811 2248 847; x_wconf 87' lang='lat' dir='ltr'><strong>in</strong></span> <span class='ocrx_word' id='word_1_117' title='bbox 2263 820 2376 857; x_wconf 85' lang='lat' dir='ltr'><strong>supra.</strong></span> 
     </span>
    </p>
   </div>
   <div class='ocr_carea' id='block_1_5' title="bbox 1476 967 2297 1012">
    <p class='ocr_par' dir='ltr' id='par_1_5' title="bbox 1476 967 2297 1012">
     <span class='ocr_line' id='line_1_15' title="bbox 1476 967 2297 1012; baseline 0.001 -12"><span class='ocrx_word' id='word_1_118' title='bbox 1476 968 1542 1010; x_wconf 79' lang='lat' dir='ltr'><strong>(Ex</strong></span> <span class='ocrx_word' id='word_1_119' title='bbox 1555 967 1624 1011; x_wconf 77' lang='lat' dir='ltr'><strong>neg.</strong></span> <span class='ocrx_word' id='word_1_120' title='bbox 1643 969 1715 1001; x_wconf 77' lang='lat' dir='ltr'><strong>Petri</strong></span> <span class='ocrx_word' id='word_1_121' title='bbox 1729 970 1803 1002; x_wconf 83' lang='lat' dir='ltr'><strong>Diae.</strong></span> <span class='ocrx_word' id='word_1_122' title='bbox 1817 969 1926 1002; x_wconf 86' lang='lat' dir='ltr'><strong>—Fol.</strong></span> <span class='ocrx_word' id='word_1_123' title='bbox 1943 969 2028 1002; x_wconf 79' lang='lat' dir='ltr'><strong>vax</strong></span> <span class='ocrx_word' id='word_1_124' title='bbox 2041 977 2134 1008; x_wconf 83' lang='lat' dir='ltr'><strong>verso,</strong></span> <span class='ocrx_word' id='word_1_125' title='bbox 2150 971 2195 1003; x_wconf 83' lang='lat' dir='ltr'><strong>n.⁰</strong></span> <span class='ocrx_word' id='word_1_126' title='bbox 2213 969 2297 1012; x_wconf 75' lang='lat'><strong>143.)</strong></span> 
     </span>
    </p>
   </div>
   <div class='ocr_carea' id='block_1_6' title="bbox 990 1081 1764 1256">
    <p class='ocr_par' dir='ltr' id='par_1_6' title="bbox 990 1081 1764 1256">
     <span class='ocr_line' id='line_1_16' title="bbox 1355 1081 1410 1135; baseline 0 0"><span class='ocrx_word' id='word_1_127' title='bbox 1355 1081 1410 1135; x_wconf 91' lang='lat' dir='ltr'><strong>V.</strong></span> 
     </span>
     <span class='ocr_line' id='line_1_17' title="bbox 990 1200 1764 1256; baseline 0.001 -13"><span class='ocrx_word' id='word_1_128' title='bbox 990 1200 1106 1256; x_wconf 76' lang='lat'>(91¹)</span> <span class='ocrx_word' id='word_1_129' title='bbox 1128 1227 1184 1235; x_wconf 86' lang='grc'><strong>-</strong></span> <span class='ocrx_word' id='word_1_130' title='bbox 1203 1201 1323 1244; x_wconf 68' lang='lat' dir='ltr'><strong>nense</strong></span> <span class='ocrx_word' id='word_1_131' title='bbox 1342 1202 1433 1244; x_wconf 75' lang='lat' dir='ltr'><strong>maio</strong></span> <span class='ocrx_word' id='word_1_132' title='bbox 1455 1227 1508 1235; x_wconf 91' lang='lat'>—</span> <span class='ocrx_word' id='word_1_133' title='bbox 1527 1201 1656 1244; x_wconf 66' lang='lat' dir='ltr'><strong>ludios.</strong></span> <span class='ocrx_word' id='word_1_134' title='bbox 1679 1202 1764 1244; x_wconf 75' lang='lat' dir='ltr'><strong>xlv.</strong></span> 
     </span>
    </p>
   </div>
   <div class='ocr_carea' id='block_1_7' title="bbox 463 1305 2291 1417">
    <p class='ocr_par' dir='ltr' id='par_1_7' title="bbox 463 1305 2291 1417">
     <span class='ocr_line' id='line_1_18' title="bbox 463 1305 2291 1357; baseline 0.002 -16"><span class='ocrx_word' id='word_1_135' title='bbox 463 1305 654 1342; x_wconf 73' lang='lat' dir='ltr'><strong>loannacius</strong></span> <span class='ocrx_word' id='word_1_136' title='bbox 673 1306 851 1353; x_wconf 79' lang='lat' dir='ltr'><strong>Imperialis</strong></span> <span class='ocrx_word' id='word_1_137' title='bbox 870 1308 1150 1355; x_wconf 78' lang='lat' dir='ltr'><strong>Protospatharitts</strong></span> <span class='ocrx_word' id='word_1_138' title='bbox 1173 1309 1382 1355; x_wconf 80' lang='lat' dir='ltr'><strong>deelfrido</strong></span> <span class='ocrx_word' id='word_1_139' title='bbox 1400 1310 1590 1357; x_wconf 80' lang='lat' dir='ltr'><strong>praeposito,</strong></span> <span class='ocrx_word' id='word_1_140' title='bbox 1609 1309 1687 1343; x_wconf 67' lang='lat' dir='ltr'><strong>vices</strong></span> <span class='ocrx_word' id='word_1_141' title='bbox 1707 1308 1815 1344; x_wconf 79' lang='lat' dir='ltr'><strong>Leonis</strong></span> <span class='ocrx_word' id='word_1_142' title='bbox 1831 1308 1948 1345; x_wconf 74' lang='lat' dir='ltr'><strong>abbatis</strong></span> <span class='ocrx_word' id='word_1_143' title='bbox 1965 1309 2102 1350; x_wconf 63' lang='lat' dir='ltr'><strong>obeunti,</strong></span> <span class='ocrx_word' id='word_1_144' title='bbox 2123 1309 2291 1356; x_wconf 76' lang='lat' dir='ltr'><strong>confirmat</strong></span> 
     </span>
     <span class='ocr_line' id='line_1_19' title="bbox 688 1364 2062 1417; baseline 0.004 -19"><span class='ocrx_word' id='word_1_145' title='bbox 688 1364 842 1412; x_wconf 78' lang='lat' dir='ltr'><strong>quicquid</strong></span> <span class='ocrx_word' id='word_1_146' title='bbox 860 1365 893 1399; x_wconf 84' lang='lat' dir='ltr'><strong>in</strong></span> <span class='ocrx_word' id='word_1_147' title='bbox 910 1365 1031 1400; x_wconf 77' lang='lat' dir='ltr'><strong>civitate</strong></span> <span class='ocrx_word' id='word_1_148' title='bbox 1046 1373 1072 1402; x_wconf 81' lang='lat' dir='ltr'><strong>et</strong></span> <span class='ocrx_word' id='word_1_149' title='bbox 1090 1367 1207 1413; x_wconf 80' lang='lat' dir='ltr'><strong>finibus</strong></span> <span class='ocrx_word' id='word_1_150' title='bbox 1222 1368 1331 1402; x_wconf 73' lang='lat' dir='ltr'><strong>Asculi</strong></span> <span class='ocrx_word' id='word_1_151' title='bbox 1346 1369 1389 1403; x_wconf 79' lang='lat' dir='ltr'><strong>ad</strong></span> <span class='ocrx_word' id='word_1_152' title='bbox 1406 1367 1442 1403; x_wconf 84' lang='lat' dir='ltr'><strong>S.</strong></span> <span class='ocrx_word' id='word_1_153' title='bbox 1463 1368 1624 1404; x_wconf 74' lang='lat' dir='ltr'><strong>Benedicti</strong></span> <span class='ocrx_word' id='word_1_154' title='bbox 1641 1369 1862 1404; x_wconf 72' lang='lat' dir='ltr'><strong>monasterium</strong></span> <span class='ocrx_word' id='word_1_155' title='bbox 1876 1369 2062 1417; x_wconf 78' lang='lat' dir='ltr'><strong>pertinebat.</strong></span> 
     </span>
    </p>
   </div>
   <div class='ocr_carea' id='block_1_8' title="bbox 381 1466 1369 2501">
    <p class='ocr_par' dir='ltr' id='par_1_8' title="bbox 381 1466 1358 1562">
     <span class='ocr_line' id='line_1_20' title="bbox 430 1466 1358 1517; baseline 0.003 -15"><span class='ocrx_word' id='word_1_156' title='bbox 430 1466 647 1512; x_wconf 78' lang='lat' dir='ltr'><strong>Praeceptum</strong></span> <span class='ocrx_word' id='word_1_157' title='bbox 665 1468 826 1513; x_wconf 84' lang='lat' dir='ltr'><strong>joannacii</strong></span> <span class='ocrx_word' id='word_1_158' title='bbox 849 1469 1028 1514; x_wconf 79' lang='lat' dir='ltr'><strong>imperialis</strong></span> <span class='ocrx_word' id='word_1_159' title='bbox 1051 1469 1302 1517; x_wconf 76' lang='lat' dir='ltr'><strong>protospatharii</strong></span> <span class='ocrx_word' id='word_1_160' title='bbox 1318 1470 1358 1505; x_wconf 88' lang='lat' dir='ltr'><strong>de</strong></span> 
     </span>
     <span class='ocr_line' id='line_1_21' title="bbox 381 1523 1163 1562; baseline 0.005 -4"><span class='ocrx_word' id='word_1_161' title='bbox 381 1523 480 1559; x_wconf 84' lang='lat' dir='ltr'><strong>rebus</strong></span> <span class='ocrx_word' id='word_1_162' title='bbox 497 1524 532 1558; x_wconf 90' lang='lat' dir='ltr'><strong>S.</strong></span> <span class='ocrx_word' id='word_1_163' title='bbox 548 1524 714 1559; x_wconf 80' lang='lat' dir='ltr'><strong>Benedicti</strong></span> <span class='ocrx_word' id='word_1_164' title='bbox 732 1525 765 1559; x_wconf 92' lang='lat' dir='ltr'><strong>in</strong></span> <span class='ocrx_word' id='word_1_165' title='bbox 782 1527 904 1561; x_wconf 74' lang='lat' dir='ltr'><strong>ast-ulo.</strong></span> <span class='ocrx_word' id='word_1_166' title='bbox 921 1527 1021 1561; x_wconf 76' lang='lat' dir='ltr'><strong>Leoni</strong></span> <span class='ocrx_word' id='word_1_167' title='bbox 1041 1527 1163 1562; x_wconf 82' lang='lat' dir='ltr'><strong>abbati.</strong></span> 
     </span>
    </p>

    <p class='ocr_par' dir='ltr' id='par_1_9' title="bbox 381 1581 1369 2501">
     <span class='ocr_line' id='line_1_22' title="bbox 431 1581 1359 1633; baseline 0.003 -18"><span class='ocrx_word' id='word_1_168' title='bbox 431 1582 467 1615; x_wconf 79' lang='lat' dir='ltr'><strong>ln</strong></span> <span class='ocrx_word' id='word_1_169' title='bbox 482 1582 614 1617; x_wconf 80' lang='lat' dir='ltr'><strong>nominc</strong></span> <span class='ocrx_word' id='word_1_170' title='bbox 631 1581 682 1616; x_wconf 86' lang='lat' dir='ltr'><strong>dci</strong></span> <span class='ocrx_word' id='word_1_171' title='bbox 697 1582 849 1617; x_wconf 78' lang='lat' dir='ltr'><strong>salvatori</strong></span> <span class='ocrx_word' id='word_1_172' title='bbox 867 1584 969 1618; x_wconf 81' lang='lat' dir='ltr'><strong>nostri</strong></span> <span class='ocrx_word' id='word_1_173' title='bbox 984 1585 1056 1631; x_wconf 80' lang='lat' dir='ltr'><strong>jesu</strong></span> <span class='ocrx_word' id='word_1_174' title='bbox 1073 1584 1187 1618; x_wconf 85' lang='lat' dir='ltr'><strong>christi</strong></span> <span class='ocrx_word' id='word_1_175' title='bbox 1205 1584 1359 1633; x_wconf 73' lang='lat' dir='ltr'><strong>vicesimo</strong></span> 
     </span>
     <span class='ocr_line' id='line_1_23' title="bbox 381 1639 1358 1688; baseline 0.004 -14"><span class='ocrx_word' id='word_1_176' title='bbox 381 1639 499 1686; x_wconf 89' lang='lat' dir='ltr'><strong>quinto</strong></span> <span class='ocrx_word' id='word_1_177' title='bbox 523 1652 607 1675; x_wconf 84' lang='lat' dir='ltr'><strong>anno</strong></span> <span class='ocrx_word' id='word_1_178' title='bbox 625 1640 754 1688; x_wconf 88' lang='lat' dir='ltr'><strong>imperii</strong></span> <span class='ocrx_word' id='word_1_179' title='bbox 769 1641 880 1676; x_wconf 88' lang='lat' dir='ltr'><strong>domni</strong></span> <span class='ocrx_word' id='word_1_180' title='bbox 905 1642 992 1677; x_wconf 88' lang='lat' dir='ltr'><strong>leoni</strong></span> <span class='ocrx_word' id='word_1_181' title='bbox 1009 1648 1041 1677; x_wconf 90' lang='lat' dir='ltr'><strong>et</strong></span> <span class='ocrx_word' id='word_1_182' title='bbox 1057 1642 1167 1677; x_wconf 89' lang='lat' dir='ltr'><strong>domni</strong></span> <span class='ocrx_word' id='word_1_183' title='bbox 1191 1641 1358 1678; x_wconf 75' lang='lat' dir='ltr'><strong>alexandri</strong></span> 
     </span>
     <span class='ocr_line' id='line_1_24' title="bbox 382 1698 1357 1748; baseline 0.003 -17"><span class='ocrx_word' id='word_1_184' title='bbox 382 1698 594 1733; x_wconf 79' lang='lat' dir='ltr'><strong>sanctissimis</strong></span> <span class='ocrx_word' id='word_1_185' title='bbox 609 1698 861 1745; x_wconf 76' lang='lat' dir='ltr'><strong>imperatoribus</strong></span> <span class='ocrx_word' id='word_1_186' title='bbox 873 1711 982 1734; x_wconf 87' lang='lat' dir='ltr'><strong>mense</strong></span> <span class='ocrx_word' id='word_1_187' title='bbox 999 1701 1097 1748; x_wconf 85' lang='lat' dir='ltr'><strong>majo.</strong></span> <span class='ocrx_word' id='word_1_188' title='bbox 1116 1700 1357 1748; x_wconf 81' lang='lat' dir='ltr'><strong>quartadecima</strong></span> 
     </span>
     <span class='ocr_line' id='line_1_25' title="bbox 381 1752 1358 1804; baseline 0.005 -18"><span class='ocrx_word' id='word_1_189' title='bbox 381 1752 568 1788; x_wconf 78' lang='lat' dir='ltr'><strong>indictione.</strong></span> <span class='ocrx_word' id='word_1_190' title='bbox 589 1754 732 1791; x_wconf 86' lang='lat' dir='ltr'><strong>entelma</strong></span> <span class='ocrx_word' id='word_1_191' title='bbox 758 1757 842 1791; x_wconf 82' lang='lat' dir='ltr'><strong>saeta</strong></span> <span class='ocrx_word' id='word_1_192' title='bbox 867 1769 885 1791; x_wconf 94' lang='lat' dir='ltr'><strong>a</strong></span> <span class='ocrx_word' id='word_1_193' title='bbox 911 1768 964 1791; x_wconf 89' lang='lat' dir='ltr'><strong>me</strong></span> <span class='ocrx_word' id='word_1_194' title='bbox 985 1757 1181 1804; x_wconf 84' lang='lat' dir='ltr'><strong>johannacio</strong></span> <span class='ocrx_word' id='word_1_195' title='bbox 1198 1757 1358 1804; x_wconf 86' lang='lat' dir='ltr'><strong>imperiali</strong></span> 
     </span>
     <span class='ocr_line' id='line_1_26' title="bbox 382 1810 1360 1859; baseline 0.005 -16"><span class='ocrx_word' id='word_1_196' title='bbox 382 1810 646 1857; x_wconf 84' lang='lat' dir='ltr'><strong>protospathario</strong></span> <span class='ocrx_word' id='word_1_197' title='bbox 661 1817 694 1846; x_wconf 92' lang='lat' dir='ltr'><strong>et</strong></span> <span class='ocrx_word' id='word_1_198' title='bbox 710 1813 846 1858; x_wconf 83' lang='lat' dir='ltr'><strong>stratigo</strong></span> <span class='ocrx_word' id='word_1_199' title='bbox 864 1814 1081 1859; x_wconf 84' lang='lat' dir='ltr'><strong>langobardie.</strong></span> <span class='ocrx_word' id='word_1_200' title='bbox 1099 1820 1132 1849; x_wconf 89' lang='lat' dir='ltr'><strong>et</strong></span> <span class='ocrx_word' id='word_1_201' title='bbox 1149 1814 1222 1849; x_wconf 87' lang='lat' dir='ltr'><strong>data</strong></span> <span class='ocrx_word' id='word_1_202' title='bbox 1234 1826 1252 1848; x_wconf 91' lang='lat' dir='ltr'><strong>a</strong></span> <span class='ocrx_word' id='word_1_203' title='bbox 1268 1815 1360 1851; x_wconf 89' lang='lat' dir='ltr'><strong>nobis</strong></span> 
     </span>
     <span class='ocr_line' id='line_1_27' title="bbox 381 1866 1358 1917; baseline 0.006 -17"><span class='ocrx_word' id='word_1_204' title='bbox 381 1866 439 1900; x_wconf 88' lang='lat' dir='ltr'><strong>tibi</strong></span> <span class='ocrx_word' id='word_1_205' title='bbox 465 1867 650 1902; x_wconf 81' lang='lat' dir='ltr'><strong>wamelsrid</strong></span> <span class='ocrx_word' id='word_1_206' title='bbox 674 1869 853 1903; x_wconf 86' lang='lat' dir='ltr'><strong>monachus</strong></span> <span class='ocrx_word' id='word_1_207' title='bbox 869 1875 901 1903; x_wconf 91' lang='lat' dir='ltr'><strong>et</strong></span> <span class='ocrx_word' id='word_1_208' title='bbox 918 1871 1113 1916; x_wconf 83' lang='lat' dir='ltr'><strong>prepositus.</strong></span> <span class='ocrx_word' id='word_1_209' title='bbox 1135 1877 1171 1905; x_wconf 88' lang='lat' dir='ltr'><strong>ut</strong></span> <span class='ocrx_word' id='word_1_210' title='bbox 1189 1883 1246 1917; x_wconf 90' lang='lat' dir='ltr'><strong>per</strong></span> <span class='ocrx_word' id='word_1_211' title='bbox 1264 1872 1358 1907; x_wconf 78' lang='lat' dir='ltr'><strong>istam</strong></span> 
     </span>
     <span class='ocr_line' id='line_1_28' title="bbox 381 1925 1359 1973; baseline 0.005 -15"><span class='ocrx_word' id='word_1_212' title='bbox 381 1930 527 1960; x_wconf 86' lang='lat' dir='ltr'><strong>nostram</strong></span> <span class='ocrx_word' id='word_1_213' title='bbox 551 1925 691 1960; x_wconf 86' lang='lat' dir='ltr'><strong>entelma</strong></span> <span class='ocrx_word' id='word_1_214' title='bbox 716 1925 812 1960; x_wconf 87' lang='lat' dir='ltr'><strong>liceat</strong></span> <span class='ocrx_word' id='word_1_215' title='bbox 836 1932 865 1960; x_wconf 88' lang='lat' dir='ltr'><strong>te</strong></span> <span class='ocrx_word' id='word_1_216' title='bbox 882 1926 977 1961; x_wconf 87' lang='lat' dir='ltr'><strong>abere</strong></span> <span class='ocrx_word' id='word_1_217' title='bbox 994 1933 1032 1973; x_wconf 72' lang='lat' dir='ltr'><strong>⁴et</strong></span> <span class='ocrx_word' id='word_1_218' title='bbox 1057 1926 1223 1961; x_wconf 76' lang='lat' dir='ltr'><strong>donninare</strong></span> <span class='ocrx_word' id='word_1_219' title='bbox 1248 1928 1359 1963; x_wconf 83' lang='lat' dir='ltr'><strong>inclita</strong></span> 
     </span>
     <span class='ocr_line' id='line_1_29' title="bbox 381 1983 1359 2031; baseline 0.005 -14"><span class='ocrx_word' id='word_1_220' title='bbox 381 1983 477 2018; x_wconf 85' lang='lat' dir='ltr'><strong>rebus</strong></span> <span class='ocrx_word' id='word_1_221' title='bbox 493 1990 525 2019; x_wconf 92' lang='lat' dir='ltr'><strong>et</strong></span> <span class='ocrx_word' id='word_1_222' title='bbox 542 1985 740 2031; x_wconf 78' lang='lat' dir='ltr'><strong>proprietate</strong></span> <span class='ocrx_word' id='word_1_223' title='bbox 758 1986 860 2020; x_wconf 89' lang='lat' dir='ltr'><strong>sancti</strong></span> <span class='ocrx_word' id='word_1_224' title='bbox 878 1985 1039 2020; x_wconf 89' lang='lat' dir='ltr'><strong>benedicti</strong></span> <span class='ocrx_word' id='word_1_225' title='bbox 1059 1987 1253 2022; x_wconf 77' lang='lat' dir='ltr'><strong>confessoris</strong></span> <span class='ocrx_word' id='word_1_226' title='bbox 1271 1987 1359 2023; x_wconf 89' lang='lat' dir='ltr'><strong>chri-</strong></span> 
     </span>
     <span class='ocr_line' id='line_1_30' title="bbox 381 2043 1359 2091; baseline 0.005 -15"><span class='ocrx_word' id='word_1_227' title='bbox 381 2043 424 2077; x_wconf 88' lang='lat' dir='ltr'><strong>sti</strong></span> <span class='ocrx_word' id='word_1_228' title='bbox 441 2049 598 2089; x_wconf 86' lang='lat' dir='ltr'><strong>quantam</strong></span> <span class='ocrx_word' id='word_1_229' title='bbox 613 2043 691 2079; x_wconf 86' lang='lat' dir='ltr'><strong>abet</strong></span> <span class='ocrx_word' id='word_1_230' title='bbox 707 2045 925 2091; x_wconf 84' lang='lat' dir='ltr'><strong>pertinentem</strong></span> <span class='ocrx_word' id='word_1_231' title='bbox 941 2045 975 2079; x_wconf 90' lang='lat' dir='ltr'><strong>in</strong></span> <span class='ocrx_word' id='word_1_232' title='bbox 992 2044 1124 2080; x_wconf 70' lang='lat' dir='ltr'><strong>civitate</strong></span> <span class='ocrx_word' id='word_1_233' title='bbox 1146 2046 1258 2080; x_wconf 88' lang='lat' dir='ltr'><strong>asculo</strong></span> <span class='ocrx_word' id='word_1_234' title='bbox 1275 2052 1308 2081; x_wconf 85' lang='lat' dir='ltr'><strong>et</strong></span> <span class='ocrx_word' id='word_1_235' title='bbox 1325 2048 1359 2081; x_wconf 89' lang='lat' dir='ltr'><strong>in</strong></span> 
     </span>
     <span class='ocr_line' id='line_1_31' title="bbox 384 2098 1359 2148; baseline 0.006 -16"><span class='ocrx_word' id='word_1_236' title='bbox 384 2098 503 2134; x_wconf 87' lang='lat' dir='ltr'><strong>linibus</strong></span> <span class='ocrx_word' id='word_1_237' title='bbox 519 2101 589 2147; x_wconf 85' lang='lat' dir='ltr'><strong>ejus</strong></span> <span class='ocrx_word' id='word_1_238' title='bbox 601 2101 658 2136; x_wconf 89' lang='lat' dir='ltr'><strong>ubi</strong></span> <span class='ocrx_word' id='word_1_239' title='bbox 674 2102 843 2137; x_wconf 87' lang='lat' dir='ltr'><strong>ordinatus</strong></span> <span class='ocrx_word' id='word_1_240' title='bbox 854 2112 888 2136; x_wconf 85' lang='lat' dir='ltr'><strong>es</strong></span> <span class='ocrx_word' id='word_1_241' title='bbox 901 2101 942 2136; x_wconf 88' lang='lat' dir='ltr'><strong>ab</strong></span> <span class='ocrx_word' id='word_1_242' title='bbox 955 2101 1027 2148; x_wconf 83' lang='lat' dir='ltr'><strong>ipso</strong></span> <span class='ocrx_word' id='word_1_243' title='bbox 1043 2102 1227 2136; x_wconf 78' lang='lat' dir='ltr'><strong>venerabile</strong></span> <span class='ocrx_word' id='word_1_244' title='bbox 1243 2103 1359 2138; x_wconf 81' lang='lat' dir='ltr'><strong>abbate</strong></span> 
     </span>
     <span class='ocr_line' id='line_1_32' title="bbox 383 2157 1360 2209; baseline 0.005 -17"><span class='ocrx_word' id='word_1_245' title='bbox 383 2157 542 2194; x_wconf 90' lang='lat' dir='ltr'><strong>domnum</strong></span> <span class='ocrx_word' id='word_1_246' title='bbox 554 2159 694 2195; x_wconf 89' lang='lat' dir='ltr'><strong>leonem.</strong></span> <span class='ocrx_word' id='word_1_247' title='bbox 706 2167 773 2196; x_wconf 87' lang='lat' dir='ltr'><strong>tam</strong></span> <span class='ocrx_word' id='word_1_248' title='bbox 785 2161 870 2195; x_wconf 77' lang='lat' dir='ltr'><strong>inl&#39;ra</strong></span> <span class='ocrx_word' id='word_1_249' title='bbox 884 2161 951 2207; x_wconf 86' lang='lat' dir='ltr'><strong>ipsa</strong></span> <span class='ocrx_word' id='word_1_250' title='bbox 968 2160 1100 2196; x_wconf 80' lang='lat' dir='ltr'><strong>civitate</strong></span> <span class='ocrx_word' id='word_1_251' title='bbox 1114 2160 1196 2195; x_wconf 90' lang='lat' dir='ltr'><strong>casis</strong></span> <span class='ocrx_word' id='word_1_252' title='bbox 1209 2166 1241 2196; x_wconf 90' lang='lat' dir='ltr'><strong>et</strong></span> <span class='ocrx_word' id='word_1_253' title='bbox 1254 2162 1360 2209; x_wconf 84' lang='lat' dir='ltr'><strong>casiljs</strong></span> 
     </span>
     <span class='ocr_line' id='line_1_33' title="bbox 383 2218 1359 2265; baseline 0.006 -16"><span class='ocrx_word' id='word_1_254' title='bbox 383 2218 433 2251; x_wconf 77' lang='lat' dir='ltr'><strong>vel</strong></span> <span class='ocrx_word' id='word_1_255' title='bbox 451 2219 546 2253; x_wconf 85' lang='lat' dir='ltr'><strong>terris</strong></span> <span class='ocrx_word' id='word_1_256' title='bbox 559 2230 658 2265; x_wconf 85' lang='lat' dir='ltr'><strong>quam</strong></span> <span class='ocrx_word' id='word_1_257' title='bbox 671 2224 703 2253; x_wconf 90' lang='lat' dir='ltr'><strong>et</strong></span> <span class='ocrx_word' id='word_1_258' title='bbox 716 2231 735 2254; x_wconf 88' lang='lat' dir='ltr'><strong>a</strong></span> <span class='ocrx_word' id='word_1_259' title='bbox 750 2220 848 2254; x_wconf 82' lang='lat' dir='ltr'><strong>foras.</strong></span> <span class='ocrx_word' id='word_1_260' title='bbox 857 2219 962 2254; x_wconf 87' lang='lat' dir='ltr'><strong>vinee.</strong></span> <span class='ocrx_word' id='word_1_261' title='bbox 971 2224 1004 2254; x_wconf 88' lang='lat' dir='ltr'><strong>et</strong></span> <span class='ocrx_word' id='word_1_262' title='bbox 1018 2219 1194 2254; x_wconf 76' lang='lat' dir='ltr'><strong>territorio.</strong></span> <span class='ocrx_word' id='word_1_263' title='bbox 1205 2224 1239 2255; x_wconf 92' lang='lat' dir='ltr'><strong>et</strong></span> <span class='ocrx_word' id='word_1_264' title='bbox 1250 2220 1359 2255; x_wconf 92' lang='lat' dir='ltr'><strong>omnia</strong></span> 
     </span>
     <span class='ocr_line' id='line_1_34' title="bbox 384 2276 1369 2330; baseline 0.004 -21"><span class='ocrx_word' id='word_1_265' title='bbox 384 2286 425 2309; x_wconf 82' lang='lat' dir='ltr'><strong>ex</strong></span> <span class='ocrx_word' id='word_1_266' title='bbox 435 2276 582 2322; x_wconf 85' lang='lat' dir='ltr'><strong>predicto</strong></span> <span class='ocrx_word' id='word_1_267' title='bbox 595 2278 793 2313; x_wconf 87' lang='lat' dir='ltr'><strong>monasterio</strong></span> <span class='ocrx_word' id='word_1_268' title='bbox 805 2277 1005 2324; x_wconf 85' lang='lat' dir='ltr'><strong>pertinentes</strong></span> <span class='ocrx_word' id='word_1_269' title='bbox 1018 2284 1055 2312; x_wconf 88' lang='lat' dir='ltr'><strong>ut</strong></span> <span class='ocrx_word' id='word_1_270' title='bbox 1070 2277 1125 2312; x_wconf 89' lang='lat' dir='ltr'><strong>ubi</strong></span> <span class='ocrx_word' id='word_1_271' title='bbox 1138 2277 1289 2313; x_wconf 78' lang='lat' dir='ltr'><strong>exindem</strong></span> <span class='ocrx_word' id='word_1_272' title='bbox 1304 2278 1369 2330; x_wconf 36' lang='grc' dir='ltr'><strong><em>ἀοι-ι</em></strong></span> 
     </span>
     <span class='ocr_line' id='line_1_35' title="bbox 382 2334 1359 2383; baseline 0.003 -15"><span class='ocrx_word' id='word_1_273' title='bbox 382 2334 468 2370; x_wconf 85' lang='lat' dir='ltr'><strong>deris</strong></span> <span class='ocrx_word' id='word_1_274' title='bbox 485 2347 557 2370; x_wconf 83' lang='lat' dir='ltr'><strong>case</strong></span> <span class='ocrx_word' id='word_1_275' title='bbox 574 2335 615 2369; x_wconf 90' lang='lat' dir='ltr'><strong>ad</strong></span> <span class='ocrx_word' id='word_1_276' title='bbox 632 2335 838 2371; x_wconf 88' lang='lat' dir='ltr'><strong>residendum</strong></span> <span class='ocrx_word' id='word_1_277' title='bbox 852 2341 907 2370; x_wconf 89' lang='lat' dir='ltr'><strong>aut</strong></span> <span class='ocrx_word' id='word_1_278' title='bbox 925 2342 1011 2370; x_wconf 86' lang='lat' dir='ltr'><strong>terre</strong></span> <span class='ocrx_word' id='word_1_279' title='bbox 1028 2335 1069 2370; x_wconf 87' lang='lat' dir='ltr'><strong>ad</strong></span> <span class='ocrx_word' id='word_1_280' title='bbox 1086 2337 1287 2383; x_wconf 85' lang='lat' dir='ltr'><strong>terratjcum.</strong></span> <span class='ocrx_word' id='word_1_281' title='bbox 1303 2344 1359 2372; x_wconf 88' lang='lat' dir='ltr'><strong>ant</strong></span> 
     </span>
     <span class='ocr_line' id='line_1_36' title="bbox 383 2392 1359 2442; baseline 0.004 -16"><span class='ocrx_word' id='word_1_282' title='bbox 383 2392 421 2426; x_wconf 84' lang='lat' dir='ltr'><strong>ad</strong></span> <span class='ocrx_word' id='word_1_283' title='bbox 436 2394 611 2439; x_wconf 81' lang='lat' dir='ltr'><strong>pastinare.</strong></span> <span class='ocrx_word' id='word_1_284' title='bbox 621 2395 667 2428; x_wconf 90' lang='lat' dir='ltr'><strong>sic</strong></span> <span class='ocrx_word' id='word_1_285' title='bbox 680 2394 740 2429; x_wconf 91' lang='lat' dir='ltr'><strong>tibi</strong></span> <span class='ocrx_word' id='word_1_286' title='bbox 752 2394 806 2429; x_wconf 88' lang='lat' dir='ltr'><strong>det</strong></span> <span class='ocrx_word' id='word_1_287' title='bbox 815 2394 977 2442; x_wconf 84' lang='lat' dir='ltr'><strong>justitiam</strong></span> <span class='ocrx_word' id='word_1_288' title='bbox 989 2399 1077 2429; x_wconf 89' lang='lat' dir='ltr'><strong>tuam</strong></span> <span class='ocrx_word' id='word_1_289' title='bbox 1089 2394 1174 2430; x_wconf 87' lang='lat' dir='ltr'><strong>sicut</strong></span> <span class='ocrx_word' id='word_1_290' title='bbox 1187 2395 1244 2430; x_wconf 86' lang='lat' dir='ltr'><strong>tibi</strong></span> <span class='ocrx_word' id='word_1_291' title='bbox 1258 2395 1359 2442; x_wconf 86' lang='lat' dir='ltr'><strong>placi-</strong></span> 
     </span>
     <span class='ocr_line' id='line_1_37' title="bbox 385 2452 1359 2501; baseline 0.006 -16"><span class='ocrx_word' id='word_1_292' title='bbox 385 2458 454 2487; x_wconf 82' lang='lat' dir='ltr'><strong>tum</strong></span> <span class='ocrx_word' id='word_1_293' title='bbox 471 2452 638 2488; x_wconf 59' lang='lat' dir='ltr'><strong>socerina</strong></span> <span class='ocrx_word' id='word_1_294' title='bbox 654 2452 681 2488; x_wconf 90' lang='lat' dir='ltr'><strong>si</strong></span> <span class='ocrx_word' id='word_1_295' title='bbox 698 2452 816 2501; x_wconf 82' lang='lat' dir='ltr'><strong>aliquis</strong></span> <span class='ocrx_word' id='word_1_296' title='bbox 833 2453 901 2489; x_wconf 88' lang='lat' dir='ltr'><strong>sinc</strong></span> <span class='ocrx_word' id='word_1_297' title='bbox 919 2458 974 2488; x_wconf 88' lang='lat' dir='ltr'><strong>tua</strong></span> <span class='ocrx_word' id='word_1_298' title='bbox 997 2453 1161 2490; x_wconf 84' lang='lat' dir='ltr'><strong>volontate</strong></span> <span class='ocrx_word' id='word_1_299' title='bbox 1178 2459 1236 2490; x_wconf 87' lang='lat' dir='ltr'><strong>aut</strong></span> <span class='ocrx_word' id='word_1_300' title='bbox 1252 2466 1359 2491; x_wconf 86' lang='lat' dir='ltr'><strong>casam</strong></span> 
     </span>
    </p>
   </div>
   <div class='ocr_carea' id='block_1_9' title="bbox 1398 1470 2379 2440">
    <p class='ocr_par' dir='ltr' id='par_1_10' title="bbox 1398 1470 2379 2440">
     <span class='ocr_line' id='line_1_38' title="bbox 1398 1470 2373 1517; baseline 0 -13"><span class='ocrx_word' id='word_1_301' title='bbox 1398 1470 1597 1507; x_wconf 74' lang='lat' dir='ltr'><strong>edificaverit</strong></span> <span class='ocrx_word' id='word_1_302' title='bbox 1611 1472 1644 1506; x_wconf 92' lang='lat' dir='ltr'><strong>in</strong></span> <span class='ocrx_word' id='word_1_303' title='bbox 1661 1476 1782 1506; x_wconf 86' lang='lat' dir='ltr'><strong>terram</strong></span> <span class='ocrx_word' id='word_1_304' title='bbox 1796 1477 1939 1507; x_wconf 87' lang='lat' dir='ltr'><strong>vestram</strong></span> <span class='ocrx_word' id='word_1_305' title='bbox 1951 1475 2007 1505; x_wconf 87' lang='lat' dir='ltr'><strong>aut</strong></span> <span class='ocrx_word' id='word_1_306' title='bbox 2022 1471 2151 1507; x_wconf 89' lang='lat' dir='ltr'><strong>vineam</strong></span> <span class='ocrx_word' id='word_1_307' title='bbox 2163 1470 2373 1517; x_wconf 86' lang='lat' dir='ltr'><strong>plantaverit.</strong></span> 
     </span>
     <span class='ocr_line' id='line_1_39' title="bbox 1399 1526 2377 1573; baseline -0.001 -12"><span class='ocrx_word' id='word_1_308' title='bbox 1399 1533 1456 1562; x_wconf 88' lang='lat' dir='ltr'><strong>aut</strong></span> <span class='ocrx_word' id='word_1_309' title='bbox 1481 1528 1704 1565; x_wconf 71' lang='lat' dir='ltr'><strong>seminaverit.</strong></span> <span class='ocrx_word' id='word_1_310' title='bbox 1734 1529 1829 1562; x_wconf 83' lang='lat' dir='ltr'><strong>liceat</strong></span> <span class='ocrx_word' id='word_1_311' title='bbox 1857 1533 1887 1562; x_wconf 74' lang='lat' dir='ltr'><strong>tc</strong></span> <span class='ocrx_word' id='word_1_312' title='bbox 1912 1527 2007 1562; x_wconf 89' lang='lat' dir='ltr'><strong>illum</strong></span> <span class='ocrx_word' id='word_1_313' title='bbox 2031 1526 2182 1573; x_wconf 83' lang='lat' dir='ltr'><strong>incljtum</strong></span> <span class='ocrx_word' id='word_1_314' title='bbox 2207 1526 2320 1561; x_wconf 85' lang='lat' dir='ltr'><strong>tollere</strong></span> <span class='ocrx_word' id='word_1_315' title='bbox 2345 1532 2377 1560; x_wconf 89' lang='lat' dir='ltr'><strong>et</strong></span> 
     </span>
     <span class='ocr_line' id='line_1_40' title="bbox 1401 1585 2377 1633; baseline -0.002 -13"><span class='ocrx_word' id='word_1_316' title='bbox 1401 1598 1554 1621; x_wconf 81' lang='lat' dir='ltr'><strong>revocare</strong></span> <span class='ocrx_word' id='word_1_317' title='bbox 1572 1587 1605 1621; x_wconf 92' lang='lat' dir='ltr'><strong>in</strong></span> <span class='ocrx_word' id='word_1_318' title='bbox 1623 1593 1781 1633; x_wconf 78' lang='lat' dir='ltr'><strong>potestate</strong></span> <span class='ocrx_word' id='word_1_319' title='bbox 1800 1586 1936 1633; x_wconf 80' lang='lat' dir='ltr'><strong>predicti</strong></span> <span class='ocrx_word' id='word_1_320' title='bbox 1955 1585 2137 1621; x_wconf 84' lang='lat' dir='ltr'><strong>monasterii</strong></span> <span class='ocrx_word' id='word_1_321' title='bbox 2154 1585 2255 1620; x_wconf 84' lang='lat' dir='ltr'><strong>sancti</strong></span> <span class='ocrx_word' id='word_1_322' title='bbox 2274 1585 2377 1619; x_wconf 89' lang='lat' dir='ltr'><strong>Bene-</strong></span> 
     </span>
     <span class='ocr_line' id='line_1_41' title="bbox 1399 1643 2379 1690; baseline -0.001 -13"><span class='ocrx_word' id='word_1_323' title='bbox 1399 1645 1490 1679; x_wconf 88' lang='lat' dir='ltr'><strong>dicti.</strong></span> <span class='ocrx_word' id='word_1_324' title='bbox 1518 1644 1587 1679; x_wconf 87' lang='lat' dir='ltr'><strong>sine</strong></span> <span class='ocrx_word' id='word_1_325' title='bbox 1602 1655 1706 1678; x_wconf 83' lang='lat' dir='ltr'><strong>omne</strong></span> <span class='ocrx_word' id='word_1_326' title='bbox 1730 1643 1985 1678; x_wconf 83' lang='lat' dir='ltr'><strong>contradictione</strong></span> <span class='ocrx_word' id='word_1_327' title='bbox 2018 1644 2239 1690; x_wconf 81' lang='lat' dir='ltr'><strong>cujuscunque</strong></span> <span class='ocrx_word' id='word_1_328' title='bbox 2263 1647 2296 1675; x_wconf 91' lang='lat' dir='ltr'><strong>et</strong></span> <span class='ocrx_word' id='word_1_329' title='bbox 2319 1652 2379 1676; x_wconf 75' lang='lat' dir='ltr'><strong>vos</strong></span> 
     </span>
     <span class='ocr_line' id='line_1_42' title="bbox 1399 1702 2376 1749; baseline -0.001 -12"><span class='ocrx_word' id='word_1_330' title='bbox 1399 1704 1551 1738; x_wconf 80' lang='lat' dir='ltr'><strong>exindem</strong></span> <span class='ocrx_word' id='word_1_331' title='bbox 1562 1704 1661 1739; x_wconf 86' lang='lat' dir='ltr'><strong>oretis</strong></span> <span class='ocrx_word' id='word_1_332' title='bbox 1674 1704 1712 1738; x_wconf 85' lang='lat' dir='ltr'><strong>ad</strong></span> <span class='ocrx_word' id='word_1_333' title='bbox 1723 1710 1848 1738; x_wconf 80' lang='lat' dir='ltr'><strong>sanctos</strong></span> <span class='ocrx_word' id='word_1_334' title='bbox 1862 1704 2072 1749; x_wconf 87' lang='lat' dir='ltr'><strong>imperatores</strong></span> <span class='ocrx_word' id='word_1_335' title='bbox 2085 1714 2143 1748; x_wconf 90' lang='lat' dir='ltr'><strong>per</strong></span> <span class='ocrx_word' id='word_1_336' title='bbox 2156 1712 2255 1748; x_wconf 84' lang='lat' dir='ltr'><strong>quem</strong></span> <span class='ocrx_word' id='word_1_337' title='bbox 2268 1702 2376 1736; x_wconf 83' lang='lat' dir='ltr'><strong>omnia</strong></span> 
     </span>
     <span class='ocr_line' id='line_1_43' title="bbox 1401 1760 2378 1807; baseline -0.001 -11"><span class='ocrx_word' id='word_1_338' title='bbox 1401 1768 1505 1797; x_wconf 85' lang='lat' dir='ltr'><strong>vestra</strong></span> <span class='ocrx_word' id='word_1_339' title='bbox 1520 1763 1622 1798; x_wconf 89' lang='lat' dir='ltr'><strong>abetis</strong></span> <span class='ocrx_word' id='word_1_340' title='bbox 1634 1773 1831 1797; x_wconf 80' lang='lat' dir='ltr'><strong>concessam.</strong></span> <span class='ocrx_word' id='word_1_341' title='bbox 1841 1767 1872 1795; x_wconf 94' lang='lat' dir='ltr'><strong>et</strong></span> <span class='ocrx_word' id='word_1_342' title='bbox 1883 1761 1967 1807; x_wconf 77' lang='lat' dir='ltr'><strong>pret-i</strong></span> <span class='ocrx_word' id='word_1_343' title='bbox 1972 1761 2025 1807; x_wconf 87' lang='lat' dir='ltr'><strong>pio</strong></span> <span class='ocrx_word' id='word_1_344' title='bbox 2033 1761 2127 1796; x_wconf 83' lang='lat' dir='ltr'><strong>vobis</strong></span> <span class='ocrx_word' id='word_1_345' title='bbox 2139 1760 2290 1795; x_wconf 84' lang='lat' dir='ltr'><strong>omnibus</strong></span> <span class='ocrx_word' id='word_1_346' title='bbox 2300 1772 2378 1806; x_wconf 87' lang='lat' dir='ltr'><strong>pro-</strong></span> 
     </span>
     <span class='ocr_line' id='line_1_44' title="bbox 1401 1816 2378 1865; baseline -0.002 -12"><span class='ocrx_word' id='word_1_347' title='bbox 1401 1819 1796 1865; x_wconf 77' lang='lat' dir='ltr'><strong>tospathariis.spathariis</strong></span> <span class='ocrx_word' id='word_1_348' title='bbox 1812 1817 2005 1853; x_wconf 86' lang='lat' dir='ltr'><strong>candidatis.</strong></span> <span class='ocrx_word' id='word_1_349' title='bbox 2026 1822 2057 1851; x_wconf 92' lang='lat' dir='ltr'><strong>et</strong></span> <span class='ocrx_word' id='word_1_350' title='bbox 2075 1816 2260 1864; x_wconf 85' lang='lat' dir='ltr'><strong>spathariis.</strong></span> <span class='ocrx_word' id='word_1_351' title='bbox 2278 1828 2378 1863; x_wconf 83' lang='lat' dir='ltr'><strong>quam</strong></span> 
     </span>
     <span class='ocr_line' id='line_1_45' title="bbox 1400 1875 2378 1912; baseline -0.002 -2"><span class='ocrx_word' id='word_1_352' title='bbox 1400 1883 1433 1911; x_wconf 90' lang='lat' dir='ltr'><strong>et</strong></span> <span class='ocrx_word' id='word_1_353' title='bbox 1445 1877 1630 1912; x_wconf 84' lang='lat' dir='ltr'><strong>castaldeis.</strong></span> <span class='ocrx_word' id='word_1_354' title='bbox 1645 1884 1677 1911; x_wconf 83' lang='lat' dir='ltr'><strong>et</strong></span> <span class='ocrx_word' id='word_1_355' title='bbox 1691 1877 1824 1911; x_wconf 81' lang='lat' dir='ltr'><strong>comites</strong></span> <span class='ocrx_word' id='word_1_356' title='bbox 1841 1876 1943 1911; x_wconf 87' lang='lat' dir='ltr'><strong>curtis</strong></span> <span class='ocrx_word' id='word_1_357' title='bbox 1957 1881 1989 1910; x_wconf 89' lang='lat' dir='ltr'><strong>ct</strong></span> <span class='ocrx_word' id='word_1_358' title='bbox 2001 1875 2168 1910; x_wconf 87' lang='lat' dir='ltr'><strong>domestici</strong></span> <span class='ocrx_word' id='word_1_359' title='bbox 2180 1881 2213 1910; x_wconf 90' lang='lat' dir='ltr'><strong>et</strong></span> <span class='ocrx_word' id='word_1_360' title='bbox 2226 1875 2378 1909; x_wconf 86' lang='lat' dir='ltr'><strong>omnibns</strong></span> 
     </span>
     <span class='ocr_line' id='line_1_46' title="bbox 1400 1933 2378 1982; baseline -0.003 -12"><span class='ocrx_word' id='word_1_361' title='bbox 1400 1935 1549 1970; x_wconf 88' lang='lat' dir='ltr'><strong>honorati</strong></span> <span class='ocrx_word' id='word_1_362' title='bbox 1566 1941 1599 1970; x_wconf 92' lang='lat' dir='ltr'><strong>et</strong></span> <span class='ocrx_word' id='word_1_363' title='bbox 1615 1935 1741 1969; x_wconf 83' lang='lat' dir='ltr'><strong>cunctis</strong></span> <span class='ocrx_word' id='word_1_364' title='bbox 1754 1934 1920 1982; x_wconf 82' lang='lat' dir='ltr'><strong>judicibus</strong></span> <span class='ocrx_word' id='word_1_365' title='bbox 1943 1933 1999 1980; x_wconf 80' lang='lat' dir='ltr'><strong>qui</strong></span> <span class='ocrx_word' id='word_1_366' title='bbox 2013 1933 2097 1968; x_wconf 84' lang='lat' dir='ltr'><strong>hanc</strong></span> <span class='ocrx_word' id='word_1_367' title='bbox 2114 1940 2259 1968; x_wconf 88' lang='lat' dir='ltr'><strong>nostram</strong></span> <span class='ocrx_word' id='word_1_368' title='bbox 2275 1933 2378 1968; x_wconf 86' lang='lat' dir='ltr'><strong>entel—</strong></span> 
     </span>
     <span class='ocr_line' id='line_1_47' title="bbox 1401 1989 2379 2038; baseline -0.001 -12"><span class='ocrx_word' id='word_1_369' title='bbox 1401 2004 1452 2026; x_wconf 87' lang='lat' dir='ltr'><strong>ma</strong></span> <span class='ocrx_word' id='word_1_370' title='bbox 1464 1992 1680 2038; x_wconf 79' lang='lat' dir='ltr'><strong>cognoveritis</strong></span> <span class='ocrx_word' id='word_1_371' title='bbox 1695 1997 1731 2026; x_wconf 89' lang='lat' dir='ltr'><strong>ut</strong></span> <span class='ocrx_word' id='word_1_372' title='bbox 1745 1991 1882 2026; x_wconf 82' lang='lat' dir='ltr'><strong>tirmiter</strong></span> <span class='ocrx_word' id='word_1_373' title='bbox 1897 2002 1968 2026; x_wconf 86' lang='lat' dir='ltr'><strong>eam</strong></span> <span class='ocrx_word' id='word_1_374' title='bbox 1982 1991 2161 2037; x_wconf 81' lang='lat' dir='ltr'><strong>opservetis</strong></span> <span class='ocrx_word' id='word_1_375' title='bbox 2173 1989 2257 2026; x_wconf 85' lang='lat' dir='ltr'><strong>etde</strong></span> <span class='ocrx_word' id='word_1_376' title='bbox 2271 1990 2379 2025; x_wconf 86' lang='lat' dir='ltr'><strong>omnia</strong></span> 
     </span>
     <span class='ocr_line' id='line_1_48' title="bbox 1399 2047 2375 2096; baseline 0 -14"><span class='ocrx_word' id='word_1_377' title='bbox 1399 2059 1515 2083; x_wconf 86' lang='lat' dir='ltr'><strong>corum</strong></span> <span class='ocrx_word' id='word_1_378' title='bbox 1527 2048 1693 2095; x_wconf 85' lang='lat' dir='ltr'><strong>judicetis.</strong></span> <span class='ocrx_word' id='word_1_379' title='bbox 1712 2049 1929 2096; x_wconf 85' lang='lat' dir='ltr'><strong>quiscumque</strong></span> <span class='ocrx_word' id='word_1_380' title='bbox 1953 2059 2068 2083; x_wconf 85' lang='lat' dir='ltr'><strong>corum</strong></span> <span class='ocrx_word' id='word_1_381' title='bbox 2091 2048 2230 2095; x_wconf 89' lang='lat' dir='ltr'><strong>injustus</strong></span> <span class='ocrx_word' id='word_1_382' title='bbox 2248 2047 2375 2083; x_wconf 77' lang='lat' dir='ltr'><strong>fecerit.</strong></span> 
     </span>
     <span class='ocr_line' id='line_1_49' title="bbox 1401 2104 2378 2152; baseline -0.001 -11"><span class='ocrx_word' id='word_1_383' title='bbox 1401 2111 1435 2141; x_wconf 86' lang='lat' dir='ltr'><strong>ct</strong></span> <span class='ocrx_word' id='word_1_384' title='bbox 1454 2105 1513 2152; x_wconf 86' lang='lat' dir='ltr'><strong>qui</strong></span> <span class='ocrx_word' id='word_1_385' title='bbox 1538 2105 1634 2140; x_wconf 86' lang='lat' dir='ltr'><strong>aliter</strong></span> <span class='ocrx_word' id='word_1_386' title='bbox 1659 2106 1767 2141; x_wconf 82' lang='lat' dir='ltr'><strong>facere</strong></span> <span class='ocrx_word' id='word_1_387' title='bbox 1792 2105 2028 2152; x_wconf 81' lang='lat' dir='ltr'><strong>presumpserit</strong></span> <span class='ocrx_word' id='word_1_388' title='bbox 2051 2111 2085 2140; x_wconf 91' lang='lat' dir='ltr'><strong>et</strong></span> <span class='ocrx_word' id='word_1_389' title='bbox 2109 2104 2143 2139; x_wconf 90' lang='lat' dir='ltr'><strong>in</strong></span> <span class='ocrx_word' id='word_1_390' title='bbox 2168 2115 2378 2152; x_wconf 85' lang='lat' dir='ltr'><strong>quocumque</strong></span> 
     </span>
     <span class='ocr_line' id='line_1_50' title="bbox 1401 2163 2378 2210; baseline -0.001 -11"><span class='ocrx_word' id='word_1_391' title='bbox 1401 2175 1516 2199; x_wconf 85' lang='lat' dir='ltr'><strong>eorum</strong></span> <span class='ocrx_word' id='word_1_392' title='bbox 1532 2175 1628 2199; x_wconf 89' lang='lat' dir='ltr'><strong>causa</strong></span> <span class='ocrx_word' id='word_1_393' title='bbox 1643 2164 1910 2199; x_wconf 85' lang='lat' dir='ltr'><strong>contrarietatem</strong></span> <span class='ocrx_word' id='word_1_394' title='bbox 1926 2163 2039 2199; x_wconf 78' lang='lat' dir='ltr'><strong>fecerit</strong></span> <span class='ocrx_word' id='word_1_395' title='bbox 2063 2163 2166 2198; x_wconf 87' lang='lat' dir='ltr'><strong>sciant</strong></span> <span class='ocrx_word' id='word_1_396' title='bbox 2183 2175 2217 2198; x_wconf 90' lang='lat' dir='ltr'><strong>se</strong></span> <span class='ocrx_word' id='word_1_397' title='bbox 2234 2174 2304 2198; x_wconf 89' lang='lat' dir='ltr'><strong>esse</strong></span> <span class='ocrx_word' id='word_1_398' title='bbox 2320 2175 2378 2210; x_wconf 76' lang='lat' dir='ltr'><strong>pe-</strong></span> 
     </span>
     <span class='ocr_line' id='line_1_51' title="bbox 1401 2220 2376 2267; baseline 0.001 -12"><span class='ocrx_word' id='word_1_399' title='bbox 1401 2222 1526 2256; x_wconf 89' lang='lat' dir='ltr'><strong>riturus</strong></span> <span class='ocrx_word' id='word_1_400' title='bbox 1541 2226 1574 2256; x_wconf 92' lang='lat' dir='ltr'><strong>et</strong></span> <span class='ocrx_word' id='word_1_401' title='bbox 1587 2221 1710 2256; x_wconf 88' lang='lat' dir='ltr'><strong>malum</strong></span> <span class='ocrx_word' id='word_1_402' title='bbox 1722 2220 1847 2256; x_wconf 87' lang='lat' dir='ltr'><strong>anobis</strong></span> <span class='ocrx_word' id='word_1_403' title='bbox 1864 2226 1974 2267; x_wconf 85' lang='lat' dir='ltr'><strong>patere</strong></span> <span class='ocrx_word' id='word_1_404' title='bbox 1992 2220 2124 2267; x_wconf 84' lang='lat' dir='ltr'><strong>qualem</strong></span> <span class='ocrx_word' id='word_1_405' title='bbox 2136 2232 2199 2255; x_wconf 88' lang='lat' dir='ltr'><strong>non</strong></span> <span class='ocrx_word' id='word_1_406' title='bbox 2213 2226 2303 2267; x_wconf 89' lang='lat' dir='ltr'><strong>potet</strong></span> <span class='ocrx_word' id='word_1_407' title='bbox 2320 2232 2376 2256; x_wconf 91' lang='lat' dir='ltr'><strong>su-</strong></span> 
     </span>
     <span class='ocr_line' id='line_1_52' title="bbox 1401 2278 2376 2325; baseline -0.001 -10"><span class='ocrx_word' id='word_1_408' title='bbox 1401 2280 1533 2315; x_wconf 87' lang='lat' dir='ltr'><strong>stinere.</strong></span> <span class='ocrx_word' id='word_1_409' title='bbox 1559 2285 1593 2315; x_wconf 86' lang='lat' dir='ltr'><strong>et</strong></span> <span class='ocrx_word' id='word_1_410' title='bbox 1609 2279 1790 2325; x_wconf 82' lang='lat' dir='ltr'><strong>obligamus</strong></span> <span class='ocrx_word' id='word_1_411' title='bbox 1815 2290 1870 2314; x_wconf 88' lang='lat' dir='ltr'><strong>eos</strong></span> <span class='ocrx_word' id='word_1_412' title='bbox 1887 2289 2079 2325; x_wconf 87' lang='lat' dir='ltr'><strong>componere</strong></span> <span class='ocrx_word' id='word_1_413' title='bbox 2104 2278 2144 2313; x_wconf 88' lang='lat' dir='ltr'><strong>ad</strong></span> <span class='ocrx_word' id='word_1_414' title='bbox 2162 2283 2289 2314; x_wconf 85' lang='lat' dir='ltr'><strong>sanctos</strong></span> <span class='ocrx_word' id='word_1_415' title='bbox 2312 2279 2376 2314; x_wconf 84' lang='lat' dir='ltr'><strong>im·</strong></span> 
     </span>
     <span class='ocr_line' id='line_1_53' title="bbox 1402 2335 2375 2384; baseline 0 -11"><span class='ocrx_word' id='word_1_416' title='bbox 1402 2343 1567 2384; x_wconf 85' lang='lat' dir='ltr'><strong>peratorcs</strong></span> <span class='ocrx_word' id='word_1_417' title='bbox 1590 2349 1673 2372; x_wconf 87' lang='lat' dir='ltr'><strong>auro</strong></span> <span class='ocrx_word' id='word_1_418' title='bbox 1697 2337 1779 2371; x_wconf 90' lang='lat' dir='ltr'><strong>libre</strong></span> <span class='ocrx_word' id='word_1_419' title='bbox 1803 2336 1866 2371; x_wconf 89' lang='lat' dir='ltr'><strong>due</strong></span> <span class='ocrx_word' id='word_1_420' title='bbox 1889 2343 1922 2372; x_wconf 90' lang='lat' dir='ltr'><strong>et</strong></span> <span class='ocrx_word' id='word_1_421' title='bbox 1948 2348 2008 2383; x_wconf 89' lang='lat' dir='ltr'><strong>pro</strong></span> <span class='ocrx_word' id='word_1_422' title='bbox 2032 2335 2288 2373; x_wconf 80' lang='lat' dir='ltr'><strong>confirmandum</strong></span> <span class='ocrx_word' id='word_1_423' title='bbox 2313 2337 2375 2373; x_wconf 86' lang='lat' dir='ltr'><strong>ista</strong></span> 
     </span>
     <span class='ocr_line' id='line_1_54' title="bbox 1402 2393 2377 2440; baseline 0 -11"><span class='ocrx_word' id='word_1_424' title='bbox 1402 2401 1508 2430; x_wconf 90' lang='lat' dir='ltr'><strong>nostra</strong></span> <span class='ocrx_word' id='word_1_425' title='bbox 1528 2395 1668 2430; x_wconf 88' lang='lat' dir='ltr'><strong>entelma</strong></span> <span class='ocrx_word' id='word_1_426' title='bbox 1689 2394 1885 2429; x_wconf 86' lang='lat' dir='ltr'><strong>bullavimus</strong></span> <span class='ocrx_word' id='word_1_427' title='bbox 1903 2394 1969 2440; x_wconf 88' lang='lat' dir='ltr'><strong>ipsa</strong></span> <span class='ocrx_word' id='word_1_428' title='bbox 1992 2404 2067 2428; x_wconf 74' lang='lat' dir='ltr'><strong>cuni</strong></span> <span class='ocrx_word' id='word_1_429' title='bbox 2081 2393 2250 2429; x_wconf 86' lang='lat' dir='ltr'><strong>bullotirio</strong></span> <span class='ocrx_word' id='word_1_430' title='bbox 2265 2400 2377 2431; x_wconf 85' lang='lat' dir='ltr'><strong>nostro</strong></span> 
     </span>
    </p>
   </div>
   <div class='ocr_carea' id='block_1_10' title="bbox 1401 2451 2270 2503">
    <p class='ocr_par' dir='ltr' id='par_1_11' title="bbox 1401 2451 2270 2503">
     <span class='ocr_line' id='line_1_55' title="bbox 1401 2451 2270 2503; baseline -0.002 -12"><span class='ocrx_word' id='word_1_431' title='bbox 1401 2454 1561 2503; x_wconf 82' lang='lat' dir='ltr'><strong>plumvio.</strong></span> <span class='ocrx_word' id='word_1_432' title='bbox 1580 2465 1690 2489; x_wconf 86' lang='lat' dir='ltr'><strong>mense</strong></span> <span class='ocrx_word' id='word_1_433' title='bbox 1708 2454 1806 2501; x_wconf 84' lang='lat' dir='ltr'><strong>majo.</strong></span> <span class='ocrx_word' id='word_1_434' title='bbox 1827 2453 2000 2489; x_wconf 85' lang='lat' dir='ltr'><strong>indictione</strong></span> <span class='ocrx_word' id='word_1_435' title='bbox 2017 2451 2270 2500; x_wconf 72' lang='lat' dir='ltr'><strong>quartadecima.</strong></span> 
     </span>
    </p>
   </div>
   <div class='ocr_carea' id='block_1_11' title="bbox 1478 2547 2292 2595">
    <p class='ocr_par' dir='ltr' id='par_1_12' title="bbox 1478 2547 2292 2595">
     <span class='ocr_line' id='line_1_56' title="bbox 1478 2547 2292 2595; baseline -0.001 -11"><span class='ocrx_word' id='word_1_436' title='bbox 1478 2551 1543 2593; x_wconf 76' lang='lat' dir='ltr'><strong>(Ex</strong></span> <span class='ocrx_word' id='word_1_437' title='bbox 1556 2551 1626 2595; x_wconf 74' lang='lat' dir='ltr'><strong>Reg.</strong></span> <span class='ocrx_word' id='word_1_438' title='bbox 1644 2550 1716 2585; x_wconf 81' lang='lat' dir='ltr'><strong>Petri</strong></span> <span class='ocrx_word' id='word_1_439' title='bbox 1730 2551 1805 2584; x_wconf 81' lang='lat' dir='ltr'><strong>Diae.</strong></span> <span class='ocrx_word' id='word_1_440' title='bbox 1818 2568 1858 2578; x_wconf 90' lang='lat'><em>-</em></span> <span class='ocrx_word' id='word_1_441' title='bbox 1869 2550 1927 2584; x_wconf 77' lang='lat' dir='ltr'><strong>Ful.</strong></span> <span class='ocrx_word' id='word_1_442' title='bbox 1944 2549 2015 2583; x_wconf 73' lang='lat' dir='ltr'><strong>LXV</strong></span> <span class='ocrx_word' id='word_1_443' title='bbox 2031 2557 2118 2588; x_wconf 79' lang='lat' dir='ltr'><strong>verso,</strong></span> <span class='ocrx_word' id='word_1_444' title='bbox 2135 2548 2180 2581; x_wconf 84' lang='lat' dir='ltr'><strong>n.⁰</strong></span> <span class='ocrx_word' id='word_1_445' title='bbox 2197 2547 2268 2583; x_wconf 79' lang='lat'><strong>138.</strong></span> <span class='ocrx_word' id='word_1_446' title='bbox 2282 2551 2292 2589; x_wconf 87' lang='lat'><strong>)</strong></span> 
     </span>
    </p>
   </div>
  </div>
 </body>
</html>
