2560 3646
1198 363 1246 372 —
1265 343 1334 378 507
1352 365 1403 373 --

332 414 556 448 Bartholomaeus
569 415 643 454 464,
667 416 739 449 478.

375 467 471 500 Platea
492 468 617 501 Badulati
639 469 711 509 219,
729 470 801 503 220.

374 519 501 553 Praedia:
525 521 655 564 Atzuponi
676 523 738 556 480
752 549 760 562 ,
786 522 890 555 Bunaci
910 521 983 559 380,
1007 518 1168 551 Cammaroti
1188 525 1280 549 mona-

334 572 409 604 sterii
429 572 502 611 464,
526 573 599 613 478,
624 574 796 607 cammaroio
817 574 948 616 (lingonis
970 572 1015 612 de)
1035 571 1108 609 480,
1130 570 1161 602 S.
1186 570 1280 602 Crucis

334 623 406 663 1⁴⁶.
423 624 496 664 464,
513 625 587 665 465,
603 626 702 659 Curiae
723 626 796 665 440,
812 625 894 657 rnori
909 624 980 663 489,
998 622 1184 665 rimanorum
1205 621 1278 660 480,

333 675 455 718 Hospitis
468 678 542 717 440,
558 678 671 716 Lassici,
694 677 773 716 ibid..
795 675 939 718 atalepuun
959 674 1034 714 488,
1056 673 1184 706 Mur-isam
1205 672 1278 711 440,

337 725 392 759 Nili
413 727 485 767 381,
510 728 649 761 Plastarae
670 728 742 761 381.

379 778 523 822 strategus
542 780 658 812 Rusacis
678 779 734 812 Leo
755 779 829 812 221.

378 831 568 865 Venditionum
589 832 766 864 instrumenta
787 831 859 870 380,
882 831 954 869 438,
971 830 1043 863 478.

292 879 393 913 Baseae
415 881 508 914 loanni
539 882 624 914 Maria
656 882 752 915 Cuculi
771 882 879 915 domina
911 881 1053 914 confirmat
1083 880 1281 923 possessiouem

333 932 461 973 praedioli
483 933 554 965 325.

291 981 395 1016 namus
415 984 527 1017 Michacl
547 986 660 1027 praelat.
684 995 712 1027 p.
736 984 816 1022 vul,
837 984 885 1017 XV
906 987 934 1016 et
953 983 1027 1016 XVI.

294 1034 399 1068 Badius
422 1036 560 1070 Paschalis
581 1038 693 1079 praefat.
716 1047 744 1078 p.
767 1036 848 1074 xm.
870 1040 926 1069 not.
950 1036 982 1075 2,
1004 1035 1068 1068 XIV
1089 1040 1117 1067 et
1136 1035 1224 1068 XVII.

219 1100 222 1103 ·
291 1086 379 1118 Baiuli
402 1087 557 1130 imperiales
577 1089 692 1121 Basilius
713 1089 831 1121 Baianus
858 1089 907 1127 18,
930 1088 967 1120 21
991 1088 1194 1130 —Gregorius
1214 1087 1280 1119 1-

335 1140 390 1171 Leo
412 1141 446 1172 de
467 1141 586 1173 Maralda
609 1142 659 1180 18,
682 1141 733 1174 21.
759 1141 792 1174 V.
817 1141 955 1182 Catapani.

292 1190 447 1224 Balatorum
469 1194 543 1225 rivus
564 1193 635 1235 apud
656 1194 818 1225 Panormum
842 1193 912 1226 156.

291 1240 416 1273 Balduini
439 1241 562 1274 tabularii
577 1242 717 1284 praedium
730 1243 766 1276 ad
780 1243 811 1275 S.
825 1244 954 1286 Cyriacen
963 1244 990 1276 in
1003 1251 1071 1285 agro
1085 1242 1186 1276 Cataaii
1202 1242 1274 1276 420.

293 1291 427 1332 Balgerus
449 1291 587 1333 Philippus
607 1297 629 1324 t.
653 1292 726 1325 246.

291 1343 410 1375 Ballavia
431 1343 566 1385 Rogerius
580 1345 769 1385 415÷Gidus
784 1348 806 1378 t.
822 1346 859 1378 41
865 1346 1010 1388 ss—Virga
1023 1346 1078 1378 lilia
1091 1346 1198 1388 Rosserii
1214 1355 1277 1380 ven-

333 1394 373 1426 dit
394 1394 486 1426 loanni
507 1394 612 1426 Rabtae
633 1396 774 1436 praedium
795 1397 822 1427 in
844 1405 910 1438 agro
932 1397 1045 1439 Briatici
1066 1398 1139 1430 415.

295 1444 451 1477 Ballaeama
469 1445 538 1485 (Leo
558 1446 603 1487 de)
623 1450 645 1478 t.
672 1447 743 1485 178,
767 1446 840 1479 320.

291 1496 440 1528 Ballemme
462 1496 558 1530 Rhaus
579 1497 652 1536 241,
675 1497 749 1536 242,
772 1498 844 1530 243.

293 1565 335 1573 --
356 1546 492 1580 Robertus
513 1547 625 1580 baiulus
645 1549 745 1581 Curiae
765 1549 860 1581 Nohae
883 1549 952 1582 106.

290 1598 419 1630 Βάλλιον
437 1623 445 1638 ,
479 1599 572 1639 bailia,
595 1599 788 1633 administratio
819 1609 913 1633 rerum
934 1602 976 1645 ad*
989 1601 1119 1644 pupillum
1144 1602 1277 1644 pertinen-

336 1650 405 1682 tium
426 1650 499 1683 333.

292 1700 424 1742 Βάλλον,
447 1703 501 1735 tela
522 1703 615 1742 lintea,
638 1704 711 1737 436.

290 1751 416 1786 Ballisiae
431 1754 593 1797 Margaritae
606 1747 634 1788 et
648 1755 780 1789 Gualterii
799 1755 919 1789 Scilliani
934 1756 1043 1789 tabulae
1057 1757 1189 1799 nuptiales
1202 1757 1273 1790 435.

291 1802 424 1837 Balneum
446 1805 583 1847 publicum
603 1806 631 1837 in
650 1814 718 1849 agro
738 1806 804 1848 Styli
818 1807 845 1839 in
858 1806 983 1840 Calabria
1005 1808 1276 1842 557—Balneorum

333 1864 413 1895 usus,
435 1857 494 1898 qui,
517 1860 586 1890 teste
606 1857 740 1891 Mazochio
761 1859 788 1890 in
813 1859 928 1892 Kalend.
952 1862 1018 1891 tom.
1047 1860 1072 1892 1.
1090 1869 1119 1903 p.
1141 1861 1173 1900 8,
1197 1861 1277 1903 septi-

334 1914 380 1937 mo
401 1911 519 1939 exeunte
540 1908 632 1941 seculo
652 1909 856 1950 perduraverat,
880 1914 908 1942 et
926 1911 1004 1955 euius
1024 1911 1124 1943 mentio
1144 1910 1188 1943 hic
1217 1915 1277 1943 tan-

331 1959 392 1987 tum
414 1959 544 1996 occurrit,
568 1964 638 1991 anno
653 1959 746 1998 1280,
762 1963 793 1992 ut
807 1970 843 1993 ex
863 1961 945 1993 latina
959 1960 1116 1994 membrana
1129 1962 1211 1995 liuius
1225 1963 1277 1995 Ar-

333 2008 402 2040 chivi
425 2009 451 2040 in
472 2009 545 2041 Area
566 2010 590 2048 1,
614 2010 693 2044 Fasc.
710 2012 743 2050 7,
758 2020 788 2044 ιι.
805 2012 835 2051 3,
852 2014 1008 2055 accipimus,
1024 2014 1135 2056 Neapoli
1148 2019 1204 2047 tam
1215 2016 1275 2055 ‘sre-

332 2067 420 2101 quens
442 2064 584 2098 evaserat,
607 2065 640 2093 ut
659 2061 729 2093 inter
750 2070 832 2094 onera
852 2062 960 2104 publiea
980 2064 1023 2096 vel
1042 2065 1146 2097 cabella
1166 2062 1275 2098 balneoss

335 2118 398 2142 rum
420 2114 618 2143 numeraretur.

294 2159 448 2193 Baltcrinus
469 2160 626 2193 Gualterius
645 2165 674 2194 et
694 2162 808 2194 loannes
828 2166 861 2195 tt.
886 2163 957 2196 189.

295 2210 424 2243 Bambaci
445 2211 490 2243 filii
511 2211 670 2245 Theodorus
690 2218 717 2245 et
737 2213 835 2246 Comes
856 2224 898 2247 vv.
923 2215 993 2248 300.

294 2262 448 2295 Bambaeus
469 2263 601 2295 Arcadius
621 2263 693 2296 428.

293 2312 470 2357 Βανδόφορος,
492 2314 660 2354 vexillarius,
682 2316 734 2350 55.
787 2345 789 2347 .

297 2365 450 2408 Baptisterii
471 2367 546 2398 rivus
567 2366 640 2399 263.

295 2417 469 2449 Barachallae
490 2417 579 2449 Basilii
599 2418 674 2450 vinea
695 2419 722 2450 in
743 2427 810 2461 agro
831 2420 940 2454 Briatici
962 2422 1034 2456 437.

295 2467 445 2500 Baraleone
466 2467 533 2508 (Leo
553 2468 597 2510 de)
617 2473 638 2501 t.
662 2469 735 2508 212,
759 2469 876 2503 Basilius
898 2471 972 2511 273,
998 2473 1095 2507 Petrus
1119 2476 1189 2508 175.

295 2518 450 2552 Baraleonis
470 2520 607 2561 praedium
630 2520 701 2553 174.

294 2569 516 2612 Barbagenucehi
537 2569 651 2604 tiliorum
672 2572 782 2614 praedia
801 2572 874 2606 272.

293 2621 417 2654 Barbara
437 2631 466 2654 n.
488 2621 509 2653 l.
533 2621 604 2655 308.
635 2616 639 2621 “

296 2689 338 2696 -
359 2671 415 2704 Leo
437 2672 508 2704 409.

294 2741 337 2748 -
358 2722 415 2764 (S.)
435 2723 462 2754 in
484 2730 549 2764 agro
568 2722 681 2756 Seriano
702 2723 776 2762 341,
798 2724 870 2759 458.

298 2774 438 2807 Barbarae
459 2783 510 2807 seu
530 2775 563 2807 do
583 2774 684 2809 Gallico
703 2775 804 2810 flumen
823 2778 852 2810 in
872 2777 998 2812 Calabria
1023 2779 1092 2813 120.

296 2824 472 2858 Barbarellua
493 2825 619 2858 Nicolans
640 2826 713 2860 542.

295 2877 439 2911 Barbadua
460 2879 574 2912 loannes
593 2883 614 2912 t.
639 2880 710 2912 542.

298 2928 446 2961 Barblatua
466 2929 520 2962 Leo
540 2934 561 2962 t.
586 2930 658 2964 320.

1321 414 1490 447 Barbutzone
1510 416 1757 460 loannes'eiusque
1770 418 1815 450 filii
1830 419 1957 453 Nicolaus
1972 423 1999 453 et
2012 420 2163 454 Gulielmus
2184 421 2302 454 vendunt

1364 466 1488 498 Goffredo
1510 467 1627 500 Ferraro
1647 470 1751 501 vineam
1772 470 1799 501 in
1820 479 1887 512 agro
1909 471 2056 505 Albidonae
2077 472 2148 505 346.

1321 515 1515 549 Βειήιιιιιιιὶιιιιι
1536 526 1564 548 ιι.
1590 518 1609 551 l.
1634 519 1660 550 in
1681 528 1747 561 agro
1770 519 1859 553 Ursuli
1882 522 1932 555 15.

1323 567 1412 598 Barda
1431 568 1502 600 filius
1523 568 1620 600 Leonis
1640 569 1672 600 de
1694 570 1784 602 Avaro
1806 576 1826 603 t.
1851 573 1903 605 45.

1322 620 1463 651 Bardellus
1483 620 1623 653 Ranaldus
1642 626 1670 653 et
1692 622 1822 655 loslridus
1843 625 1916 659 376.

1322 671 1454 704 Bardolus
1476 673 1590 705 Ioannes
1611 677 1632 705 t.
1658 673 1730 706 226.

1323 722 1395 755 Barii
1415 725 1512 761 mentio
1536 725 1586 764 10,
1609 726 1879 769 28÷Possessiones
1893 727 1925 760 S.
1937 727 2073 762 Benedicti
2093 732 2120 763 in
2141 741 2206 775 agro
2228 735 2303 767 eius·

1363 777 1425 808 dem
1446 777 1559 809 civitatis
1582 779 1611 810 1.

1322 827 1437 859 Barinus
1458 828 1573 860 loannes
1593 832 1614 860 t.
1641 828 1711 862 128.

1322 898 1365 905 -
1385 879 1499 923 Sergius
1521 885 1551 913 et
1567 882 1627 914 eius
1656 890 1729 914 uxor
1749 881 1853 914 Donata
1883 884 2024 925 praedium
2044 885 2141 917 donant
2162 885 2302 920 Theodoro

1364 930 1498 964 Cathecac
1518 933 1545 964 in
1566 942 1632 975 agro
1654 933 1790 975 Gallipolis
1812 935 1884 966 518.

1321 981 1446 1013 Banaam
1467 982 1641 1024 Praepositae
1662 985 1817 1018 monasterii
1838 985 1871 1019 S.
1898 984 2012 1027 Philippi
2032 985 2172 1019 Locrensis
2194 989 2244 1021 88.

1321 1032 1458 1074 Βαρῶνες,
1481 1033 1609 1074 barones,
1632 1034 1706 1067 294.

1320 1085 1445 1118 Baronus
1465 1085 1594 1118 Nicotaus
1614 1097 1641 1120 v.
1666 1088 1738 1120 559.

1321 1136 1460 1179 Baropodo
1480 1138 1618 1179 (Nicolaus
1640 1139 1790 1173 Calandrus
1811 1140 1857 1183 de)
1878 1140 1951 1175 300.

1320 1189 1477 1231 Baropodus
1499 1190 1647 1232 Gregorius
1668 1191 1740 1224 300.

1319 1240 1464 1272 Barsaeius
1485 1240 1691 1274 archidiaconus
1704 1244 1731 1273 et
1745 1241 1889 1284 imperialis
1903 1243 2019 1277 clericus
2039 1245 2171 1281 ecciesiae
2186 1245 2303 1280 Locren-

1360 1291 1398 1322 sis
1418 1291 1541 1323 notarius
1561 1290 1614 1329 90,
1638 1290 1690 1323 92.

1319 1341 1540 1375 Bartholomaeus
1562 1341 1735 1384 Praepositae
1755 1342 1788 1374 S.
1801 1342 1877 1376 Petri
1890 1344 2038 1387 Imperialis
2048 1345 2100 1384 22,
2111 1345 2167 1385 31,
2183 1348 2235 1387 48,
2248 1349 2300 1381 51.

1321 1394 1443 1427 Bar-unes
1465 1394 1526 1426 Elia
1546 1397 1569 1427 t.
1593 1394 1646 1428 96.
1845 1434 1847 1438 ‚

1319 1444 1472 1486 Barycellua
1494 1444 1628 1487 ltogerius
1648 1445 1720 1478 filius
1741 1447 1880 1479 Anastasii
1900 1451 1922 1480 t.
1947 1449 2020 1488 504,
2044 1449 2116 1482 505.

1319 1495 1504 1538 Barychauu,
1526 1496 1725 1539 Βαρυχάλλα,
1749 1498 1874 1531 dominus
1893 1499 2067 1538 Boemuudus
2089 1501 2161 1535 284.

1401 1548 1507 1581 Iudices
1527 1548 1622 1582 Rhaus
1643 1549 1737 1582 Trisca
1758 1554 1786 1583 et
1807 1550 1901 1583 Vitalis
1921 1550 1988 1585 ibid.

1401 1599 1567 1632 Tabularius
1588 1599 1654 1639 Leo,
1677 1600 1743 1633 ibid.

1401 1651 1593 1684 Monasterium
1614 1650 1645 1683 S.
1669 1651 1752 1684 Petri.
1776 1652 1811 1685 V.
1833 1652 1949 1686 monast.

1318 1702 1470 1744 Barypodes
1491 1702 1605 1735 Ioannes
1627 1703 1698 1735 555.
1848 1700 1854 1737 ᾗ
1937 1715 1939 1717 ·

1318 1754 1470 1796 Barysanus
1491 1753 1604 1787 loannes
1625 1754 1703 1788 Prior
1723 1757 1876 1789 monasterii
1897 1756 1928 1788 S.
1952 1757 2052 1790 Mariae
2072 1759 2107 1791 de
2128 1759 2300 1800 cyr-Zosimo

1360 1803 1433 1835 221.

1318 1856 1455 1889 Bar-ailoha
1475 1856 1573 1890 Petrus
1594 1857 1740 1891 monachus
1762 1858 1793 1890 S.
1817 1858 1944 1900 Stephani
1966 1859 2039 1892 206.

1317 1908 1458 1942 Basavillia
1478 1909 1576 1941 Comes
1595 1909 1730 1942 Robertus
1751 1910 1862 1953 eiusque
1877 1910 1930 1943 filia
1951 1912 2089 1946 Adelasia.
2109 1913 2141 1945 V.
2160 1915 2298 1948 Adclasia.

1318 1959 1454 1991 Βασιλῆα
1477 1959 1535 1991 533
1557 1962 1584 1991 et
1605 1969 1679 2002 seqq.
1705 1961 1737 1992 V.
1762 1961 1919 2003 Imperium.

1318 2008 1480 2042 Basilianum
1502 2011 1694 2045 monasterium
1715 2011 1746 2043 S.
1770 2011 1882 2052 Philippi
1905 2013 1932 2044 in
1954 2014 2064 2054 regione
2090 2014 2230 2046 Locrensi.
2264 2017 2300 2051 V.

1357 2061 1471 2094 Monast.

1318 2113 1406 2146 Basilii
1426 2119 1454 2146 et
1474 2115 1638 2148 Constantini
1660 2123 1819 2156 graecorum
1840 2116 2037 2157 Imperatorum
2058 2119 2158 2150 mentio
2188 2119 2204 2149 7
2222 2144 2229 2157 ,
2246 2120 2299 2158 20,

1359 2164 1410 2196 21.
1433 2164 1524 2196 Vocati
1545 2163 1748 2206 Ssowipimoi,
1771 2166 1892 2207 piissimi,
1910 2167 1959 2200 15.

1317 2214 1492 2257 Basiliopolus
1512 2216 1583 2248 300.

1317 2265 1431 2297 Basilius
1464 2265 1685 2308 Areliiepiscopus
1706 2266 1875 2310 Tarentinus.
1910 2268 1943 2300 V.
1967 2267 2061 2301 vitalis
2083 2269 2196 2312 Eugenii
2216 2270 2300 2304 filius.

1317 2336 1358 2341 -—
1379 2318 1496 2350 Bolanus
1516 2317 1679 2360 Campanus.
1705 2319 1739 2350 V.
1764 2319 1905 2360 Catapani.

1317 2387 1359 2394 —-
1380 2369 1496 2402 Basilius
1516 2368 1625 2402 Caeiani
1645 2370 1728 2402 iudex
1750 2370 1823 2402 195.

1317 2441 1358 2447 --
1378 2422 1455 2454 faber
1475 2422 1604 2454 serrarius
1626 2425 1653 2453 et
1675 2422 1787 2453 Ioannes
1807 2421 1879 2453 lilius
1898 2423 2089 2455 Constantinae
2121 2424 2240 2456 dividunt
2261 2426 2300 2457 in-

1358 2477 1400 2505 ter
1421 2481 1451 2504 se
1470 2471 1523 2504 duo
1545 2473 1652 2513 praedia
1674 2473 1708 2504 ad
1730 2471 1810 2504 Palos
1830 2473 1915 2514 posita
1938 2473 1988 2504 47.

1316 2542 1358 2549 -
1378 2524 1568 2556 Mesardonites
1589 2524 1630 2556 vel
1655 2524 1689 2555 de
1709 2524 1878 2556 Mesardonia
1901 2525 2139 2567 rrotospatbarius
2170 2531 2197 2559 et
2219 2527 2300 2560 Cata-

1359 2584 1446 2617 panus
1467 2575 1570 2608 ltaliae.
1593 2575 1626 2607 V.
1650 2573 1789 2616 Catapani.

1316 2643 1359 2649 —
1379 2626 1482 2659 Nicolai
1502 2626 1600 2658 vicarii
1619 2625 1701 2658 filius.
1725 2625 1822 2659 Mentio
1843 2626 1991 2660 donationis
2016 2627 2052 2660 ab
2074 2635 2107 2660 eo
2137 2629 2223 2661 factae
2243 2637 2300 2663 mo-

1358 2679 1474 2710 nasterio
1495 2678 1526 2710 S.
1549 2677 1623 2710 Petri
1643 2677 1792 2719 imperialis
1812 2677 1863 2709 67.

1316 2744 1358 2754 -
1378 2729 1499 2761 notarius
1512 2727 1642 2770 (Olettae)
1655 2728 1727 2761 tilius
1740 2729 1851 2762 Comitis
1867 2729 1940 2768 122,
1959 2729 2028 2767 138,
2047 2730 2116 2768 151,
2136 2730 2204 2766 170,
2223 2730 2295 2769 175,

1361 2780 1429 2817 193,
1456 2780 1527 2819 196,
1551 2780 1625 2820 212,
1648 2780 1720 2819 213,
1745 2780 1818 2819 214,
1840 2780 1913 2819 215,
1936 2780 2009 2818 227,
2032 2779 2104 2819 229,
2129 2781 2201 2820 233,
2225 2781 2298 2814 256.

1317 2850 1359 2856 -
1380 2831 1552 2874 Praepositae
1572 2832 1692 2873 Capuaui
1712 2832 1831 2864 coenobii
1852 2831 1883 2863 S.
1908 2831 2041 2863 Benedicti
2062 2831 2113 2862 24.

1317 2902 1360 2908 -
1377 2884 1517 2926 presbyter
1535 2884 1655 2916 notarius
1677 2883 1787 2916 Tarenti
1808 2883 1861 2922 24,
1883 2883 1935 2921 27,
1959 2882 2011 2922 30,
2034 2883 2085 2922 37,
2110 2884 2161 2917 39.

1317 2952 1359 2959 -
1379 2934 1519 2977 presbyter
1538 2935 1671 2973 notarius,
1694 2932 1811 2973 νομικὸς,
1834 2933 1905 2965 256.

296 2980 436 3015 Bar-butus
457 2981 582 3015 Nicotaus
596 2987 623 3016 et
638 2983 751 3018 ioannes
772 2987 805 3018 tt.
830 2984 902 3018 550.
920 2984 1058 3020 Simiunt
1071 2985 1187 3020 loannes
1201 2987 1273 3021 494.
1318 3005 1360 3013 -
1379 2987 1519 3030 presbyter
1539 2991 1567 3020 et
1588 2986 1737 3021 tabularius
1758 2986 1847 3019 castri
1868 2986 1971 3019 Veteris
1993 2985 2065 3019 253.
