2652 3762
2207 389 2240 416 lx

311 467 426 510 eitate
443 469 546 509 idem
575 469 668 509 illud
696 468 893 516 statuisse,
914 465 1017 515 quod
1037 464 1198 504 loannes
1217 465 1265 504 de
1287 464 1424 504 loanne
1443 464 1500 516 (l)
1520 466 1646 513 quoad
1676 465 1844 504 Siculam
1866 463 2119 503 Graecitatem
2150 465 2289 500 statue-

310 537 384 582 rat,
419 533 596 572 nimirum
624 536 824 578 utramque
850 529 922 568 sub
951 528 1207 567 Romanorum
1236 527 1495 567 dominatione
1514 539 1535 566 a
1555 529 1671 567 latino
1696 537 1873 567 sermone
1893 527 2061 565 attritam
2089 524 2224 562 fuisse.
2248 521 2287 559 Si

309 596 358 635 de
372 595 505 634 attritu
521 592 761 635 solummodo
777 592 928 632 locutus
943 595 1106 640 uterque
1125 589 1209 641 luit,
1227 589 1288 628 cui
1305 600 1377 629 non
1394 595 1499 640 patet
1513 601 1582 631 eos
1598 602 1670 630 non
1687 591 1853 630 edixisse
1869 591 2101 629 Graecorum
2118 589 2287 636 linguam

309 657 464 707 linguae
495 657 749 695 Romanorum
775 654 928 692 omnino
957 653 1154 692 cessisse?
1173 651 1392 691 Mazocbins
1420 653 1502 701 ipse
1521 654 1592 703 (2),
1615 665 1700 693 cum
1720 664 1860 692 aeneas
1882 653 2032 691 tabulas
2057 651 2286 690 Heracleen-

308 731 375 761 ses
401 717 675 759 columenlario
696 727 816 766 prope
843 727 963 756 aureo
983 718 1221 765 explanaret,
1250 716 1416 764 quodam
1445 726 1538 754 usus
1557 717 1782 755 diverticulo
1801 716 1848 754 ad
1870 713 2175 764 persequendam
2200 722 2287 752 con-

307 780 550 828 troversiam,
571 779 714 827 deqna
734 788 804 818 nos
824 779 911 818 beic
931 779 1162 818 mentionem
1179 777 1395 826 iniecimus,
1415 777 1469 814 ait
1485 786 1572 815 sese
1590 779 1727 826 vereri,
1747 783 1787 816 ut
1807 781 1940 825 posset
1954 777 2000 814 de
2018 775 2153 823 Magna
2172 774 2286 812 Grae-

306 843 366 883 cia
385 841 628 890 coullrmare,
650 842 752 889 quod
770 841 830 880 de
858 841 1074 880 Graecitate
1105 839 1352 888 Neapolitana
1382 849 1428 877 ex
1456 848 1547 878 vcro
1575 839 1828 878 ‹lesensitasse
1858 840 2028 888 putabat.
2060 837 2286 876 observavit

306 903 405 944 enim
425 904 482 942 vir
499 904 704 952 omnigena
725 903 941 942 eruditione
961 901 1268 952 spectatissimus
1297 901 1333 939 in
1363 900 1522 949 Magnae
1551 900 1735 939 Graeciae
1765 905 1934 939 remotae
1953 911 1999 939 ac
2018 899 2213 948 sepositae
2233 899 2284 936 la-

304 965 426 1006 tebris
463 964 575 1003 l'acile
602 975 645 1004 sc
674 965 935 1005 Graecismum
964 965 1062 1019 tueri
1092 964 1279 1013 potuisse,
1309 963 1513 1012 quominus
1542 962 1663 1000 inl'nsa
1698 963 1970 1011 peregrinitate
1998 961 2280 1002 excluderetur.

302 1028 360 1067 Ad
380 1028 477 1068 baec
505 1028 568 1067 ubi
599 1028 701 1067 novit
727 1027 803 1078 (3)
831 1029 1059 1067 sententiam
1089 1026 1234 1065 Galatei
1269 1026 1319 1064 ab
1346 1035 1440 1064 aevo
1468 1024 1679 1063 vetustiore
1709 1024 1919 1072 repetentis
1953 1024 2141 1072 originem
2170 1024 2284 1062 Grae-

301 1100 434 1131 corum
471 1100 567 1130 aevo
596 1101 666 1129 suo
695 1092 732 1129 in
770 1089 1021 1139 Neapolitano
1051 1089 1182 1137 Regno
1211 1087 1476 1137 superstitum,
1507 1086 1679 1133 exceptis
1710 1090 1832 1124 tamen
1867 1085 2052 1134 coloniis,
2083 1095 2180 1133 quae
2210 1085 2283 1123 sub

301 1155 477 1196 eiusdem
505 1155 652 1194 Galatei
681 1158 853 1204 tempora
883 1165 929 1193 ex
957 1153 1116 1192 Albania
1136 1153 1173 1191 in
1194 1156 1347 1191 nostras
1365 1160 1456 1189 oras
1477 1159 1565 1189 sese
1594 1149 1836 1188 contulerunt
1854 1147 1925 1197 (4),
1946 1157 2165 1196 graecoque
2190 1147 2280 1196 ritu,

301 1222 341 1258 at
359 1218 564 1257 Albanensi
594 1217 776 1256 idiomate
805 1217 1023 1264 utebantur,
1046 1224 1178 1264 parum
1194 1213 1315 1252 abluit
1341 1212 1432 1261 quin
1454 1212 1541 1250 buic
1557 1221 1630 1249 non
1651 1210 1895 1259 aspernando
1915 1209 2095 1258 scriptori
2115 1208 2281 1246 adsenti—

300 1284 423 1320 retur.
455 1279 493 1318 ld
522 1280 623 1318 enim
653 1278 771 1318 vetuit
797 1277 1000 1327 dubitatio,
1022 1288 1120 1326 quae
1147 1276 1220 1315 sibi
1253 1274 1510 1323 inficiebatur,
1532 1284 1578 1311 an
1601 1282 1672 1311 non
1702 1271 1947 1321 sequioribus
1971 1271 2138 1311 saeculis
2167 1270 2281 1308 Grae-

299 1352 432 1382 corum
451 1372 461 1391 ,
499 1342 564 1389 qui
594 1345 698 1379 trans
726 1350 832 1378 mare
859 1339 1075 1388 degebant,
1107 1338 1356 1388 migrationes
1384 1337 1419 1375 in
1449 1337 1714 1385 neapolitanas
1746 1346 1837 1375 oras
1864 1336 2110 1374 accidissent.
2143 1335 2280 1373 Huius-

297 1405 401 1444 modi
430 1414 520 1443 vero
549 1403 737 1442 dubitatio
765 1403 944 1441 manabat
971 1414 1018 1441 ex
1045 1413 1092 1442 eo
1110 1432 1120 1451 ,
1159 1402 1261 1450 quod
1299 1400 1628 1439 animadvertebat
1656 1400 1899 1438 Calabrensis
1934 1399 2144 1438 Graecismi
2174 1404 2279 1438 natu-

298 1477 379 1507 ram
400 1470 439 1506 et
457 1466 650 1515 ingenium
680 1475 856 1514 magnam
886 1468 1032 1514 partem
1062 1464 1110 1502 ad
1140 1462 1383 1512 Byzantinnm
1413 1462 1658 1500 vernaculum
1678 1461 1818 1500 idioma
1848 1461 2068 1510 deflectere,
2092 1465 2130 1499 et
2149 1471 2279 1509 quam-

297 1529 383 1568 dam
411 1527 654 1577 praeseferre
681 1526 897 1575 analogiam
926 1525 962 1563 in
993 1524 1209 1564 nominibus
1237 1527 1276 1563 et
1295 1523 1423 1562 verbis
1450 1523 1692 1562 inclinandis.
1725 1524 1771 1561 At
1799 1524 1978 1571 qnoniam
2008 1522 2228 1570 complures
2257 1534 2279 1559 e

295 1594 440 1634 nostris
467 1592 674 1643 provinciis
702 1595 741 1630 et
765 1590 931 1629 omnium
961 1589 1124 1627 maxime
1154 1587 1304 1637 Apulia,
1336 1587 1488 1637 iapygia
1508 1592 1547 1626 et
1575 1587 1766 1635 Calabria,
1797 1586 1911 1634 quina
1941 1586 2096 1624 circiter
2122 1586 2278 1623 saecula

295 1655 501 1706 Byzantina
531 1654 693 1703 imperio
723 1655 944 1701 paruerunt,
975 1651 1162 1689 mirumne
1189 1649 1380 1688 videbitur
1399 1648 1502 1697 quod
1527 1649 1578 1686 ibi
1599 1648 1852 1696 graecanicae
1882 1657 1995 1686 voces
2016 1648 2064 1685 ad
2084 1651 2275 1695 naturam,

294 1716 489 1766 ingenium
510 1719 549 1755 et
568 1714 851 1754 inclinationem
877 1723 1010 1752 vocum
1041 1712 1330 1761 Byzantinarum
1350 1720 1527 1758 magnam
1549 1714 1694 1758 partem
1724 1709 1986 1747 accesserint?
2007 1707 2140 1746 llil-um
2161 1709 2275 1757 soret,

293 1779 326 1818 si
354 1787 428 1817 non
457 1778 510 1816 ita
538 1777 730 1816 evenisset
758 1779 835 1814 tum
856 1785 902 1812 ex
922 1774 1080 1812 alternis
1109 1772 1343 1821 quotidianis
1371 1771 1470 1810 inter
1498 1770 1667 1809 Graecos
1695 1771 1910 1819 indigenas,
1937 1770 2179 1817 advenasque
2200 1770 2276 1808 col-

291 1842 447 1891 loquiis,
469 1845 547 1880 tnui
568 1851 614 1879 ex
633 1850 705 1879 usu
725 1843 764 1878 et
782 1838 1040 1877 ianiiliaritate
1060 1837 1260 1885 librorum,
1281 1835 1347 1884 qui
1376 1834 1581 1884 Byzantina
1611 1834 1792 1873 idiomate
1821 1833 2028 1881 conscripti
2058 1837 2210 1871 nostras
2240 1832 2277 1870 in

292 1915 382 1945 oras
401 1904 682 1952 commeabant,
712 1903 792 1941 sive
822 1901 1022 1950 Litnrgici,
1043 1900 1123 1939 sive
1144 1899 1305 1950 Nomiei,
1326 1899 1407 1938 sive
1428 1897 1568 1947 latrici,
1591 1897 1670 1936 sive
1698 1897 1858 1935 alterins
1885 1896 2055 1945 generis.
2087 1895 2182 1933 ilinc
2214 1905 2274 1933 re-

291 1977 381 2006 vera
409 1966 550 2004 lactum
577 1968 664 2013 est,
695 1967 736 2001 ut
763 1963 893 2011 lingua
924 1966 1142 2000 nostrorum
1179 1960 1412 2000 Graecorum
1430 1988 1441 2009 ,
1481 1963 1579 2008 qnae
1608 1969 1629 1996 a
1659 1958 1814 2007 puriore
1843 1958 1907 1996 illa
1937 1957 2055 1996 veteri
2085 1960 2173 2005 post
2203 1955 2274 1994 tto-

292 2036 491 2067 manornm
520 2027 557 2064 in
587 2029 740 2064 nostras
767 2034 858 2063 oras
893 2023 1096 2062 adveutum
1133 2023 1209 2061 iam
1237 2023 1480 2071 desciverat,
1520 2022 1714 2070 particeps
1750 2030 1904 2069 quoque
1942 2019 2108 2058 evaserit
2145 2027 2277 2057 corru-

293 2090 450 2139 ptionis,
479 2097 592 2137 quam
622 2086 820 2125 Graecilas
847 2083 1266 2132 Conslautinopolitana
1294 2083 1517 2132 subiverat,
1547 2082 1662 2121 variis
1691 2082 1848 2120 invectis
1877 2091 2010 2120 vocum
2040 2080 2275 2119 terminatio-

290 2153 417 2202 nibus,
447 2155 487 2190 et
513 2150 653 2189 litteris
681 2149 794 2187 modo
821 2147 1031 2196 ademptis,
1057 2147 1171 2186 modo
1199 2146 1355 2195 additis,
1385 2145 1500 2185 modo
1528 2144 1772 2184 commutatis
1801 2143 1973 2192 perinde,
1996 2147 2111 2191 atque
2139 2143 2272 2193 adimi,

289 2218 378 2258 addi
407 2220 446 2256 et
472 2214 697 2255 commutari
726 2213 826 2263 apud
859 2213 1084 2262 Byzantinos
1113 2214 1407 2250 consueverunt.

392 2279 468 2319 Sed
498 2278 672 2328 quamvis
701 2276 835 2315 Graeci
864 2277 1036 2314 advenae
1065 2276 1101 2313 in
1130 2285 1245 2313 caiisa
1276 2274 1444 2324 fuerint,
1484 2283 1553 2311 cnr
1585 2272 1850 2321 imligenarnm
1881 2271 2115 2309 Graecorum
2144 2279 2273 2308 serino

289 2341 455 2390 amplius
482 2340 775 2389 depravaretur,
806 2346 880 2376 non
901 2339 1106 2376 esttamen
1135 2336 1438 2375 obliviscendum
1469 2334 1694 2384 Byzantinos
1722 2343 2003 2382 saepenumero
2025 2333 2128 2371 viros
2149 2332 2183 2369 in
2207 2342 2270 2371 no·

288 2406 390 2441 stras
420 2400 653 2440 confluxisse
682 2398 912 2447 provinciam,
934 2398 998 2446 qui
1020 2397 1153 2435 barum
1183 2396 1405 2434 Graecismo
1434 2395 1562 2444 aliqua
1592 2394 1742 2434 ratione
1771 2394 2011 2444 proruerunt,
2043 2394 2095 2433 uti
2125 2393 2273 2443 patebit

287 2474 333 2502 ex
354 2463 416 2513 iis,
439 2462 486 2501 ad
507 2471 606 2511 quae
635 2459 901 2511 persequenda
930 2460 1091 2508 gradum
1120 2458 1296 2497 facimus.

366 2628 413 2668 (l)
437 2628 480 2660 De
502 2627 625 2658 Divinis
647 2626 827 2658 siculorum
851 2626 976 2667 Officiis,
1000 2634 1073 2666 cup.
1105 2626 1149 2662 Π,
1173 2635 1204 2657 n.
1229 2627 1260 2664 3,
1283 2635 1360 2666 pay.
1386 2626 1438 2658 42.

366 2679 414 2719 (Ξ)
437 2679 584 2711 Dian-iba
599 2679 666 2709 lde
689 2678 806 2718 Mamm
830 2679 976 2715 Graecia,
1001 2687 1073 2718 cap.
1099 2679 1152 2715 lx,
1173 2688 1247 2718 puy.
1274 2679 1314 2709 62
1336 2683 1364 2709 el
1387 2680 1438 2710 63.

363 2733 412 2772 (3)
436 2732 492 2772 01).
517 2732 570 2763 cil.
593 2740 670 2772 puy.
697 2732 766 2768 123,
791 2741 823 2761 n.
852 2732 914 2761 vll.

364 2782 412 2823 (t)
435 2782 479 2814 De
500 2782 748 2823 ”rimationibus
772 2782 962 2812 Graecorum
989 2782 1021 2811 ia
1044 2785 1169 2812 noso-as
1190 2790 1267 2813 orus
1285 2782 1327 2812 ab
1349 2783 1450 2822 Epiro
1470 2783 1600 2814 saecuto
1623 2784 1676 2814 ‚XV
1701 2784 1758 2814 saio
1780 2782 1916 2823 messibus
1944 2782 2147 2823 Ammonilia,
2171 2786 2199 2812 cl
2230 2782 2271 2811 «ab

283 2835 361 2868 urbe
385 2835 506 2867 corono
525 2835 655 2867 nucereto
677 2835 758 2866 Xl'l.
781 2834 840 2866 sub
864 2833 978 2866 carolo
999 2835 1028 2872 V,
1044 2835 1073 2867 si
1092 2835 1193 2866 lector
1212 2836 1309 2875 plura
1330 2836 1440 2867 <laceri
1461 2837 1691 2876 concupiverit,
1716 2837 1860 2868 consutae
1874 2838 2061 2877 omisculum
2078 2836 2190 2875 :innoti
2206 2837 2269 2866 <lla·

281 2888 328 2920 sci
348 2888 538 2928 inscriptum
562 2896 576 2918 (ι
591 2887 732 2919 Diseono
754 2887 836 2927 degli
860 2887 998 2918 Albanesl
1021 2888 1069 2919 del
1093 2889 1196 2927 llegno
1218 2888 1248 2918 di
1272 2889 1377 2928 Napoli
1395 2899 1407 2920 a
1431 2898 1555 2921 nectum
1577 2891 1764 2931 opusculum
1791 2891 1936 2922 uberiori
1962 2890 2143 2922 «paulitione
2173 2890 2269 2928 roseo·-

282 2942 346 2970 lum
368 2938 531 2970 tauream
551 2938 687 2970 Blanelti
707 2945 751 2970 em
773 2938 892 2979 Oppidi
912 2938 945 2971 S.
970 2938 1101 2970 loarmts
1134 2939 1306 2980 Toparchia·
1327 2948 1522 2981 ¹‹Ji-‹uaearmn
1544 2950 1650 2972 rerum
1679 2941 1904 2973 situliosissimi
1922 2965 1930 2978 ,
1955 2941 2040 2980 qamt
2068 2942 2209 2981 praeseri
2232 2941 2267 2970 li-

282 2990 382 3022 lulum
405 3000 417 3021 u
434 2991 618 3030 nngguaglio
640 2989 721 3022 della
743 2990 839 3023 Geato
861 2989 1027 3030 Albanae,
1051 2999 1069 3023 e
1090 2990 1171 3023 delle
1192 2999 1247 3024 sue
1270 2991 1395 3024 Colonie
1412 3001 1425 3024 n
1449 2992 1505 3025 ubi
1527 2993 1566 3025 tle
1588 2993 1700 3034 lingua
1723 2997 1752 3025 cl
1775 2994 1915 3026 litoribus
1938 2992 2165 3024 ‚libanotis-ium
2198 2992 2266 3030 plu-

282 3044 365 3076 rima
386 3044 467 3076 sellu
489 3044 589 3084 difflua
611 3043 801 3084 afferuntur.

2089 3100 2106 3121 -›
