2560 3646
1174 362 1374 399 -592—

344 433 457 464 Domus:
481 430 576 463 Cimini
598 428 671 468 356,
696 428 896 468 condonicotai,
915 428 984 463 ibid.

346 482 508 525 Episcopalis
536 481 663 513 ecelesiae
686 481 785 514 mentio
812 484 840 513 et
870 480 1059 514 nonnullarum
1090 480 1248 524 dignitatum

303 535 421 567 eiusdem
441 534 493 572 90,
517 530 569 565 92.

345 586 476 628 Episcopi:
501 585 693 618 Constantinus
714 584 788 624 253,
806 585 860 618 Leo
875 585 949 624 321,
965 585 1039 625 357,
1051 586 1179 619 Leontius
1193 585 1246 623 87,

303 637 352 666 91Δ
380 635 413 666 V.
437 635 571 679 Episcopi.

345 686 459 719 Flumen
482 687 681 721 Praetoriatum
703 687 774 721 310.

341 739 441 771 Mentio
461 740 583 772 eiusdem
604 740 714 772 civitatis
735 740 808 777 360,
832 740 905 779 362,
929 740 1002 779 558,
1025 740 1098 773 559.

343 790 525 822 molendinum
545 791 670 823 Mercurii
693 791 726 823 de
748 791 870 824 Hieracio
891 792 963 824 310.

341 839 533 873 Monaslerium
555 839 586 872 S.
611 839 725 884 Philippi
747 841 799 874 87.
823 841 856 873 V.
880 842 996 874 hlonast.

346 892 584 935 Protospatharius
605 896 633 924 et
653 892 797 936 Strategus
818 893 955 936 Philippus
977 893 1047 927 152.

345 944 552 978 Protouotarius
573 945 704 978 diaeonus
725 944 915 979 Constantinus
935 945 1008 978 357.

343 996 486 1029 Sententia
507 997 581 1031 322.

345 1048 490 1092 strategus
511 1048 651 1092 Philippus
673 1049 743 1085 ¹52..
775 1046 780 1050 ’

340 1100 462 1134 Tabulae
483 1102 619 1144 nuptiales
640 1102 712 1134 355.

256 1152 475 1191 ffieromnemon,
498 1153 615 1195 dignitas
635 1152 827 1189 ecelesiastica,
851 1151 925 1190 226,
948 1151 1021 1191 300,
1046 1152 1107 1185 512
1128 1155 1155 1184 et
1168 1151 1243 1184 alibi.

256 1203 419 1236 Hierotbeus
432 1204 605 1245 Pneposltus
619 1203 774 1235 monasterii
797 1202 829 1235 S.
848 1204 956 1236 loannis
980 1204 1015 1236 de
1039 1204 1149 1237 Calveto
1170 1204 1243 1236 225.

255 1254 358 1286 Hilaris
378 1263 454 1287 mons
474 1255 503 1286 in
523 1263 591 1296 agro
610 1254 727 1286 Troiano
750 1254 802 1286 21.

254 1306 374 1338 Hilarius
395 1305 523 1338 Nicolaus
542 1314 682 1348 possessor
703 1305 804 1348 praedii
823 1305 895 1338 356.

254 1356 402 1398 Hipsanlus
424 1359 445 1388 t.
471 1356 521 1388 13.

253 1406 436 1449 Hodegetriae
457 1407 549 1440 Novae
571 1407 661 1439 Patris
682 1408 886 1440 monasterium.
911 1408 946 1440 V.
969 1408 1085 1441 hionast.

257 1458 393 1491 Hodierna
413 1459 522 1491 domina
542 1459 638 1501 Oppidi
659 1458 767 1506 295Ὰ

255 1511 349 1543 Honor
369 1511 467 1543 Montis
487 1510 519 1543 S.
542 1511 651 1552 Augen,
673 1509 742 1548 τιμὴ
757 1511 808 1542 τοῦ
820 1511 915 1550 βοὺνοῦ
932 1509 986 1551 ἀγ.
1004 1510 1157 1553 ’Λγγέλοὺ,
1170 1513 1241 1545 4⁶.)t.

257 1561 397 1599 Honorati,
422 1561 447 1591 in
468 1560 644 1601 dignitatibus
665 1561 812 1600 constituti,
837 1562 868 1593 4.

255 1610 329 1642 nora
351 1611 484 1651 (venui-12
504 1611 550 1652 ae)
572 1613 593 1642 t.
617 1610 695 1643 395.
786 1602 789 1609 “

253 1662 365 1694 Hortalo
386 1662 416 1694 3.

252 1714 336 1746 Horto
358 1713 400 1756 (S.
424 1714 524 1747 Mariae
545 1714 600 1756 de),
622 1713 674 1746 τοῦ
693 1714 858 1757 περιβόλου,
882 1716 955 1749 429.

252 1765 357 1807 Hospes
379 1764 434 1797 Leo
454 1773 593 1807 possessor
612 1766 712 1808 praedii
734 1766 760 1798 in
781 1774 848 1808 agro
869 1766 993 1799 Badulati
1013 1768 1086 1801 110.

251 1815 400 1858 Hospitale‚
423 1815 586 1850 στγσαίλιον
604 1816 646 1848 vel
666 1814 843 1856 ξινοδόχεοον,
876 1817 978 1850 Cataeii
1004 1818 1064 1851 197
1084 1844 1093 1858 ,
1127 1819 1246 1851 Circlarii

296 1866 369 1904 213,
393 1865 518 1898 Crotonis
539 1865 613 1905 -101,
635 1865 668 1898 S.
691 1866 746 1897 Viti
766 1865 839 1898 307.

253 1916 390 1959 Hospiles,
411 1914 489 1956 ξένοι.
513 1916 548 1949 V.
571 1915 762 1949 commendati.

254 1969 418 2011 Hospitium.
442 1969 477 2001 V.
500 1969 614 2001 Domus.

255 2018 337 2060 Hugo
357 2018 452 2052 Abbas
473 2017 526 2050 SS.
550 2018 688 2052 Trinitatis
711 2018 873 2052 Venusinae.
899 2021 934 2053 V.
957 2021 1159 2054 ntonasterium.

1291 430 1365 462 latro
1385 428 1510 473 (Sergius
1532 428 1577 471 de)
1598 431 1621 463 t.
1644 429 1719 465 525.

1290 481 1392 514 leesius
1413 480 1582 514 Theodosius
1601 485 1746 525 protopapa
1767 481 1841 516 527.

1291 530 1445 563 leuezmene
1465 532 1589 564 11:559.
1903 568 1905 570 ,

1291 582 1470 624 Ἱεροάζνγος,
1493 583 1632 626 presbyter
1651 585 1771 625 caelebs,
1795 584 1870 626 120,
1894 583 1964 619 121.

1291 633 1438 665 ierusalem
1460 633 1519 667 Rex
1540 634 1702 670 Friderieus.
1726 636 1761 669 V.
1785 636 1950 670 Friderieus.

1290 683 1403 726 lepaetri
1423 683 1456 715 de
1478 684 1572 717 Pediso
1593 687 1713 720 notarius
1735 686 1926 720 Constantinus
1947 679 2094 719 Chamalus
2117 684 2187 718 112.

1290 739 1373 767 ’Ἱλλι
1395 744 1445 778 pro
1465 736 1510 768 filii
1533 738 1604 777 119,
1630 739 1700 778 135,
1722 738 1771 770 vio}
1794 738 1880 781 Κῖτζι
1900 743 1928 772 et
1950 743 2013 770 ιλλι
2033 739 2120 779 Karza
2142 738 2213 770 194.

1291 787 1469 830 Imperatores
1490 789 1586 821 Graeci
1607 790 1670 822 dieti
1691 793 1776 823 sancti
1799 791 1830 830 3,
1853 795 1881 823 et
1900 791 2059 823 sanctissimi
2081 790 2192 823 ibid.—-
2200 790 2270 824 cou-

1331 840 1467 873 cessiones
1489 839 1525 871 ab
1546 841 1609 883 ipsis
1630 842 1717 874 t'aetae
1747 842 1940 877 casinensibus
1971 842 2124 876 coenobiis.
2158 841 2193 874 V.
2216 842 2273 874 hlo-

1329 891 1478 923 nasterium
1499 890 1657 925 casinense.

1291 942 1479 984 imperatores:
1491 943 1545 976 Leo
1556 943 1575 975 2
1584 962 1625 967 -
1635 943 1690 975 Leo
1701 947 1729 976 et
1743 944 1897 977 Alexander
1911 945 1942 984 3,
1959 945 2148 978 4—Basilius
2161 943 2270 976 etCon-

1330 996 1463 1027 stantinus
1477 996 1527 1034 15,
1540 995 1823 1028 20—Constantinus
1840 997 1891 1035 18,
1907 996 2101 1029 22-Μίοὶιειο1
2115 997 2272 1028 tiz-Ate-

1329 1047 1392 1079 xius
1414 1046 1569 1080 Comnenus
1590 1048 1642 1086 65,
1660 1049 1711 1086 78,
1728 1048 1780 1087 79,
1793 1048 1844 1087 83,
1862 1048 1933 1081 113.
1956 1049 1987 1081 V.
2003 1049 2069 1088 Leo,
2086 1049 2201 1081 Basilius
2214 1053 2269 1080 ete.

1289 1098 1446 1139 Imperium,
1469 1098 1621 1138 βασιλεῖαι,
1645 1099 1739 1131 titulus
1759 1099 1920 1132 honorarius
1951 1099 2162 1141 imperatoribus
2192 1103 2273 1142 atque

1330 1148 1451 1190 Despotis
1473 1148 1633 1188 attributus,
1656 1149 1710 1189 62,
1734 1150 1785 1188 78,
1811 1150 1862 1189 79,
1887 1150 1940 1188 93,
1964 1150 2035 1188 113,
2052 1149 2112 1182 533
2132 1154 2159 1181 et
2179 1158 2239 1191 seq.

1291 1199 1686 1242 lmpreeatioues—Maledietio
1708 1200 1810 1240 Patris,
1834 1201 1892 1234 Filii
1913 1206 1940 1233 et
1955 1201 2072 1243 Spiritus
2085 1200 2185 1234 Sancti.
2202 1200 2272 1232 Sau-

1329 1255 1388 1282 etae
1409 1250 1457 1282 Dei
1478 1251 1619 1284 Genitrieis
1634 1277 1641 1291 ,
1664 1261 1697 1284 ae
1718 1256 1898 1286 tercentorum
1918 1257 1978 1285 octo
1999 1257 2027 1285 et
2046 1252 2138 1285 decem
2159 1251 2272 1284 Sancto-

1330 1310 1392 1332 rum
1413 1301 1615 1344 divinorumque
1637 1303 1750 1335 Patrum
1771 1304 1791 1335 6
1822 1308 1850 1337 et
1881 1304 1956 1336 alibi.
1966 1304 2207 1338 —Condemnatio
2228 1303 2270 1336 vet

1329 1353 1444 1395 laqueus
1464 1353 1550 1386 Iudae
1571 1354 1717 1387 lseariotae
1740 1357 1757 1388 7
1780 1360 1808 1388 et
1827 1356 1902 1388 alibi.
1914 1373 1955 1382 -
1968 1357 2040 1390 Giezi
2062 1357 2136 1398 lepra
2166 1356 2206 1388 56
2239 1360 2267 1387 et

1328 1403 1448 1436 alibi.—
1460 1404 1578 1444 nathan,
1601 1406 1704 1440 Abiron
1724 1410 1751 1438 et
1772 1406 1843 1439 Core
1866 1409 1914 1445 75,
1941 1409 1980 1440 78
2000 1412 2028 1440 et
2048 1408 2122 1441 alibi.
2126 1407 2269 1440 -Nesto·

1327 1456 1360 1487 rii
1381 1455 1523 1488 anathema
1544 1456 1616 1489 231.

1290 1507 1411 1545 lnelitus,
1434 1516 1483 1549 pro
1504 1508 1618 1550 integer,
1642 1512 1726 1547 totus,
1750 1510 1781 1541 4.

1289 1557 1393 1589 ludices
1415 1557 1551 1590 hominum
1575 1559 1626 1597 77,
1649 1560 1722 1598 557,
1746 1560 1818 1592 559.

1290 1609 1412 1651 lugat-dia
1436 1610 1486 1642 18.

1290 1665 1373 1700 Ἵνον,
1396 1662 1573 1703 (ΙΙΙὮΘΟῙΙΙΒῩ),
1598 1664 1668 1695 17¹.

1290 1711 1449 1744 investitura
1469 1713 1606 1754 prioratus
1626 1715 1778 1746 monasterii
1799 1723 1844 1748 an.
1873 1715 1962 1753 1050,
1985 1725 2012 1758 p.
2036 1716 2088 1749 45.

1290 1762 1402 1794 loannes
1424 1763 1509 1795 Aetne
1530 1763 1652 1797 dominus
1674 1765 1745 1798 328.
1769 1766 1803 1798 V.
1827 1766 1906 1798 Aeta.

1288 1830 1329 1835 —
1350 1813 1386 1844 de
1408 1814 1533 1844 Allerana
1556 1813 1791 1856 protospatharius
1814 1816 1863 1853 18,
1887 1815 1939 1847 21.
1964 1815 1998 1847 V.
2022 1814 2163 1856 Catapani.

1287 1881 1330 1885 --
1350 1862 1516 1904 Authipatus
1538 1864 1670 1895 Patricius
1693 1865 1742 1896 18.

1288 1931 1329 1937 -
1350 1914 1572 1957 Areliiepiseopus
1592 1915 1768 1948 Rossanensis
1788 1915 1862 1979 225.
1879 1916 1912 1949 V.
1929 1916 2121 1949 monasterium
2143 1916 2173 1948 S
2194 1918 2271 1949 loan-

1329 1967 1370 1998 nis
1390 1965 1424 1997 de
1444 1966 1565 1999 Calveto.

1288 2034 1329 2038 —
1349 2016 1566 2048 Archiniandrita
1587 2019 1708 2050 notarius
1730 2019 1802 2051 511.

256 2069 338 2109 Ruga
358 2068 467 2100 Ranerii
488 2068 560 2101 tilius
581 2068 672 2101 vendit
692 2069 796 2102 vineam
817 2069 947 2102 eeclesiae
972 2070 1004 2103 S.
1021 2071 1128 2113 Georgii
1149 2071 1247 2112 hiarty-
1288 2087 1329 2092 —
1351 2068 1573 2111 Archipresbyter
1593 2070 1707 2102 civitatis
1729 2070 1849 2103 Circiarii
1871 2070 1944 2109 21-1,
1967 2071 2039 2103 265.
2059 2071 2091 2103 V.
2102 2071 2222 2104 Ecclesia
2237 2073 2267 2104 S.

301 2121 339 2150 ris
362 2120 436 2158 158,
459 2129 523 2152 eum
543 2121 597 2152 Ata
618 2120 680 2151 eius
700 2129 788 2153 uxore
809 2125 837 2152 et
857 2121 909 2154 snio
932 2122 1045 2164 Rogerio
1059 2123 1141 2156 donat
1155 2133 1246 2156 mona-

300 2172 414 2202 sterium
436 2169 467 2200 S.
493 2169 601 2212 Georgii
621 2168 675 2201 SS.
699 2170 822 2202 Trinitati
845 2169 957 2227 Cavensi
977 2176 1005 2205 et
1024 2171 1056 2206 S.
1083 2173 1183 2204 Mariae
1214 2174 1246 2205 «le

300 2221 321 2251 t.
323 2228 366 2259 yr-
355 2219 472 2250 -Zosimo
495 2220 567 2251 177.

258 2271 406 2311 ttyaeintha
429 2271 482 2303 filia
504 2270 636 2312 Pamphili
658 2271 740 2303 donat
761 2272 915 2312 speluncam
938 2274 1097 2307 monasterio
1119 2275 1150 2306 S.
1175 2275 1245 2307 Petri

300 2321 449 2364 linperialis
471 2322 522 2354 67.

258 2373 459 2412 Hyacintheilae
481 2372 552 2404 tilius
573 2373 702 2406 Nicotaus
725 2374 797 2406 178.

260 2423 443 2461 ilydruntinae
467 2426 556 2455 terrae
578 2423 729 2455 tabularius
751 2424 867 2457 Basilius
890 2425 1013 2467 Pagarus
1035 2426 1105 2459 501.

258 2475 366 2514 Hypatii
388 2474 477 2513 (Crux
496 2474 542 2516 S.)
564 2484 594 2506 n.
618 2475 638 2507 l.
664 2474 740 2507 109.

259 2524 390 2565 Hypatius
412 2523 468 2563 (S.)
483 2534 510 2556 u.
536 2525 555 2557 Ι.
581 2526 607 2556 in
629 2534 696 2567 agro
718 2526 812 2559 Nohae
834 2527 906 2566 212,
931 2528 1003 2562 379.

261 2574 364 2615 Hypato
386 2574 547 2614 (Matthaeus
567 2575 612 2615 de)
634 2581 655 2607 t.
681 2576 753 2608 207.

260 2644 300 2649 --
326 2627 428 2664 (Niceta
451 2632 477 2658 et
498 2627 626 2659 Nicolaus
648 2629 692 2669 de)
715 2638 755 2660 vv.
783 2630 840 2661 183

264 2678 430 2718 Hypostasari
454 2677 545 2710 Basilii
568 2680 644 2710 vinea
666 2680 692 2711 in
714 2689 782 2722 agro
804 2681 946 2714 Nicoterae
966 2683 1037 2718 281.

264 2828 380 2859 lacobus
401 2827 457 2868 (S.)
478 2829 511 2860 de
532 2829 690 2870 Barychalla
711 2831 783 2865 281.

264 2877 348 2908 lanus
370 2875 531 2910 Parrhasius
553 2879 725 2914 calabrensis
747 2884 899 2925 complures
920 2892 1032 2926 graecos
1060 2885 1165 2917 codiees
1185 2895 1247 2918 eon-

306 2927 400 2968 gessit,
423 2929 467 2968 qui
489 2929 534 2960 diu
556 2931 582 2962 in
605 2934 766 2965 monasterio
787 2933 818 2964 S.
851 2934 958 2968 loannis
989 2935 1023 2968 ad
1056 2935 1247 2970 carbonariam

309 2979 417 3010 fuerunt
439 2982 576 3019 asservati,
601 2985 711 3022 praefat.
737 2994 763 3026 p.
789 2985 865 3018 xiil.

1329 2121 1465 2152 Phantini.

1288 2189 1328 2194 —-
1351 2171 1506 2203 Asculensis
1527 2180 1609 2213 nepos
1619 2171 1739 2204 Abellari
1762 2172 1811 2205 10.
1835 2173 1869 2205 V.
1892 2173 2093 2205 monasterium.
2106 2173 2265 2205 casinense.

1289 2241 1329 2246 -—
1349 2223 1446 2254 Comes
1467 2223 1555 2254 Certis
1577 2226 1596 2253 t.
1621 2222 1673 2254 21.

1295 2294 1328 2297 --
1350 2274 1502 2306 Comnenus
1524 2275 1672 2316 Imperator
1696 2275 1765 2307 131.

1289 2343 1328 2347 —-
1350 2323 1539 2356 Constantinae
1561 2325 1631 2356 silius
1651 2329 1678 2357 et
1699 2324 1815 2357 Basilius
1835 2324 1913 2356 saber
1932 2326 2061 2356 serrarius
2092 2326 2210 2357 dividunt
2228 2327 2270 2357 in-

1330 2381 1370 2406 ter
1392 2386 1421 2406 se
1444 2376 1498 2407 duo
1519 2375 1626 2417 praedia
1649 2376 1682 2407 ad
1707 2375 1785 2407 Palus
1805 2376 1891 2417 posita
1912 2377 1961 2407 17.

1290 2446 1328 2450 »-
1350 2428 1552 2469 grammaticus,
1577 2427 1781 2459 archidiaconus
1803 2432 1830 2459 et
1851 2429 2007 2460 scriniarius
2032 2431 2139 2461 maioris
2168 2429 2270 2463 Taren-

1331 2480 1400 2510 tinae
1421 2480 1548 2510 ecclesiae
1570 2480 1621 2510 58.

1290 2548 1330 2552 —
1352 2529 1502 2560 hodiernae
1525 2529 1651 2562 Dominae
1674 2530 1768 2572 Oppidi
1789 2531 1872 2562 trater
1895 2531 1965 2562 295.

1289 2600 1331 2604 —
1351 2581 1470 2621 llugonis
1493 2581 1640 2623 presbyteri
1662 2581 1732 2613 tilius
1753 2582 1850 2623 aliique
1873 2583 1988 2616 vendunt
2009 2583 2147 2624 praedium
2175 2593 2266 2618 aiona-

1331 2632 1412 2663 sterio
1434 2630 1465 2662 S.
1492 2631 1615 2663 Phantini
1637 2632 1708 2664 301.

1290 2701 1329 2705 -
1351 2682 1435 2715 Iudex
1455 2683 1633 2715 consobrinus
1655 2683 1723 2715 Rhai
1745 2684 1855 2716 ludieis.
1887 2685 1932 2715 Lis
1958 2686 2026 2716 inter
2046 2693 2109 2717 eum
2130 2690 2158 2718 et
2186 2686 2270 2718 illabi-

1331 2733 1393 2764 liam
1415 2732 1496 2764 filiam
1519 2732 1649 2765 Pirrettae
1670 2734 1811 2766 diiudicata
1834 2743 1850 2765 a
1872 2735 1970 2766 Ioanne
1997 2734 2102 2766 Faracli
2135 2733 2271 2777 catapano

1331 2785 1427 2817 Nohae
1448 2785 1520 2818 241.

1296 2854 1336 2862 -
1356 2837 1478 2869 notarius
1500 2834 1622 2870 Circlarii
1645 2837 1714 2874 132,
1739 2837 1810 2869 282.

1290 2908 1331 2913 -
1354 2889 1474 2921 notarius
1495 2888 1667 2921 Clarimontis
1689 2889 1760 2922 301.

1292 2958 1331 2963 -
1352 2939 1471 2971 notarius
1492 2939 1652 2971 Maximillae
1674 2939 1774 2971 sororis
1795 2939 1902 2983 Rogerii
1924 2940 2005 2984 Regis
2027 2942 2098 2974 299.

1293 3009 1331 3014 -
1355 2990 1478 3021 notarius
1499 2989 1592 3021 Nohae
1612 2989 1685 3026 379,
1709 2989 1781 3022 395.
