2670 3926
803 906 1731 1005 ΠΡΟΛΕΓΟΜΕΝΑ

312 1234 336 1265 l.
359 1232 397 1264 De
418 1230 523 1264 Graeca
543 1229 656 1271 origine,
678 1235 732 1270 qua
752 1229 791 1259 tot
810 1226 911 1268 oppidis
931 1228 958 1257 ct
979 1223 1093 1257 urbibus
1114 1224 1142 1254 in
1162 1224 1283 1254 extrema
1304 1220 1355 1252 hac
1376 1218 1470 1250 ltaliae
1484 1217 1591 1258 regione
1612 1216 1704 1258 positis
1718 1215 1778 1247 licet
1795 1213 1997 1257 gloriari—II.
2011 1215 2050 1247 De
2061 1214 2218 1248 Graecismo

351 1281 451 1313 ibidem
472 1281 576 1322 vigente
598 1280 649 1311 sub
671 1278 872 1315 Romanorum,
896 1285 927 1307 ao
949 1275 1041 1306 deindo
1063 1273 1212 1306 Gothorum
1233 1271 1422 1302 dominatione..
1439 1286 1481 1291 —
1501 1268 1554 1299 ΙΙΙ.
1572 1267 1641 1304 Quill
1663 1267 1696 1298 ilo
1718 1267 1873 1298 Graecismo
1894 1266 2069 1307 Neapolitano
2090 1268 2222 1298 senserint

349 1335 502 1367 Mazochius
523 1338 551 1365 et
563 1331 753 1365 Martorellius.
770 1330 873 1362 —1v.
891 1330 989 1360 Utrum
1010 1327 1038 1359 in
1059 1327 1090 1357 iis
1113 1326 1175 1361 oris,
1200 1333 1269 1366 quae
1291 1323 1353 1354 olim
1369 1322 1466 1363 Magna
1480 1321 1594 1354 Graecia
1615 1323 1784 1361 nuncupatae
1806 1323 1880 1356 sunt,
1899 1319 2070 1351 Graecismus
2092 1320 2224 1360 sequioris

350 1386 409 1418 aevi
430 1385 510 1416 suerit
531 1383 697 1417 Graecorum
718 1381 934 1422 Bnantinorum,
959 1388 993 1409 an
1014 1374 1291 1418 indigenarum—V.
1316 1373 1355 1404 De
1377 1372 1532 1405 Graecisino
1553 1370 1604 1402 sub
1627 1370 1767 1410 Byzantina
1789 1368 2070 1400 dominatione—VI.
2088 1368 2126 1399 De
2141 1370 2224 1401 Grac-

354 1436 436 1466 cismo
460 1433 512 1466 sub
533 1433 656 1475 Regibus
678 1431 888 1469 Nortmannicis‚
912 1429 1004 1460 Svcvis
1025 1431 1051 1459 ct
1071 1422 1427 1467 Andegarensibus.-—V11.
1452 1422 1541 1463 Aegre
1562 1420 1699 1452 serendum
1720 1423 1762 1451 est
1776 1444 1784 1457 ,
1806 1420 1875 1460 quon
1897 1423 2038 1460 postquam
2059 1419 2225 1451 Graecarum

350 1487 500 1519 litterarum
530 1486 618 1517 studia
638 1485 804 1521 revixerunt,
833 1483 900 1514 ratio
927 1481 1000 1512 nulla
1022 1480 1056 1511 sit
1076 1478 1169 1510 habita
1189 1476 1334 1509 Graecismi
1356 1475 1481 1506 nostratis
1495 1474 1529 1505 ail
1542 1473 1675 1504 deteriora
1695 1475 1813 1512 tempora
1835 1471 1987 1511 spectantis,
1999 1470 2130 1502 ——VIlL
2155 1471 2224 1507 Quid

351 1545 442 1573 actum
462 1540 513 1572 hoc
534 1539 643 1571 sacculo
664 1539 698 1570 ab
720 1537 825 1569 Archivi
844 1534 1009 1576 Neapolitani
1023 1534 1209 1569 Praefectura,
1225 1535 1255 1561 ut
1276 1530 1443 1562 Graecarum
1455 1527 1673 1559 Membranarum
1694 1524 1819 1565 Syllabas
1841 1524 2011 1555 inchoaretur
2031 1524 2223 1565 ac‘perlieere-

353 1596 407 1624 tur.
422 1591 522 1624 —1x.
547 1591 586 1622 Dc
607 1592 717 1626 ratione,
740 1597 794 1630 qua
814 1586 940 1628 Syllabas
961 1585 1004 1616 hic
1025 1587 1167 1616 contextus
1189 1581 1320 1614 est.——X.
1345 1582 1402 1613 Cur
1423 1579 1565 1612 attexenda
1587 1579 1636 1610 luit
1649 1576 1894 1619 Appenninum.
1919 1575 1958 1606 De
1979 1575 2056 1607 Notis
2077 1574 2223 1608 Chronolo—

350 1645 428 1686 gitis.
443 1662 484 1670 -—
499 1643 563 1677 xli.
586 1644 625 1676 De
646 1642 839 1677 characterum
859 1642 887 1673 et
907 1638 1062 1681 Sigillorum
1083 1635 1332 1679 ectypis.—Xlll.
1355 1634 1425 1672 Quid
1445 1633 1511 1666 utile
1531 1642 1567 1666 ex
1588 1632 1638 1665 hoc
1660 1630 1768 1672 Syllabo
1790 1630 1872 1671 possit
1893 1629 2008 1662 hauriri.

1247 1867 1298 1922 Ι.

377 2134 534 2175 Divinus
561 2133 628 2173 ille
655 2131 779 2182 Plato,
809 2130 901 2181 quia
927 2138 1003 2169 non
1032 2127 1249 2177 Barbarus,
1279 2127 1350 2167 secl
1379 2126 1550 2167 Graecus
1576 2126 1716 2166 fuisset
1742 2129 1997 2177 procreatus,
2032 2126 2264 2180 sibimetipsi

275 2206 511 2247 magnopere
530 2194 813 2245 gratulabatur,
834 2195 874 2232 et
891 2190 1120 2230 beneficium
1140 2190 1215 2229 hoc
1235 2189 1463 2227 numerabat
1482 2189 1582 2227 inter
1601 2188 1750 2237 reliqua
1766 2189 2043 2240 pulcherrima,
2066 2200 2164 2239 quac
2183 2191 2265 2232 Diis

276 2258 560 2298 immortalibus
595 2258 756 2304 accepta
793 2252 1000 2292 referebat.
1031 2251 1138 2289 Hanc
1170 2249 1448 2299 sapientissimi
1484 2249 1708 2298 philosophi
1747 2250 1978 2288 sententiam
2015 2252 2265 2300 prae-oeulis

275 2319 423 2358 habens
451 2317 638 2357 Antonius
666 2315 848 2354 Galateus
876 2323 975 2352 unus
1003 2312 1212 2351 multorum
1241 2310 1397 2359 ingenio
1423 2309 1680 2358 doctrinaque
1711 2310 1997 2360 excellentium,
2027 2311 2093 2360 qui
2122 2313 2260 2353 Aulam

274 2385 495 2421 nostrorum
515 2390 562 2419 ex
580 2376 821 2428 Aragonensi
851 2376 1034 2425 prosapia
1064 2374 1210 2423 Regum
1227 2374 1326 2412 inire
1343 2373 1613 2423 honestarunt,
1634 2374 1800 2413 laetatus
1820 2373 1904 2423 ipse
1923 2384 2079 2424 quoqne
2098 2375 2168 2415 luit
2188 2376 2263 2428 (t),

272 2445 376 2494 quod
404 2453 479 2483 non
508 2454 530 2482 a
559 2441 719 2482 Morinis
747 2443 815 2479 aut
842 2438 1098 2488 Lingonibus,
1129 2446 1204 2477 non
1225 2438 1274 2476 ab
1295 2436 1571 2485 Allobrogibus
1598 2439 1665 2475 aut
1692 2435 1919 2487 sicambris,
1950 2447 2082 2477 verum
2100 2448 2123 2477 a
2144 2438 2264 2479 Graeu

274 2506 330 2546 cis
357 2508 555 2555 repeteret
573 2503 706 2554 stirpis
726 2513 821 2543 suae
839 2502 1068 2552 primordia,
1096 2502 1410 2550 Graecorumque
1438 2509 1668 2551 proavorum
1687 2500 1830 2540 seriem
1858 2511 1974 2550 quam
1993 2502 2263 2552 longissimam

273 2572 510 2611 recenseret.
542 2568 624 2608 Non
652 2566 820 2607 absimili
850 2567 1002 2606 ratione
1029 2569 1165 2605 nostro
1184 2565 1244 2605 vel
1264 2574 1359 2605 aero
1387 2564 1548 2614 gloriari
1567 2564 1626 2604 l'as
1645 2567 1706 2604 est
1723 2565 1990 2614 compluribus
2017 2566 2175 2615 quidem
2197 2552 2265 2618 op-

271 2632 373 2683 pidis
400 2635 439 2671 ct
466 2630 630 2670 urbibus
658 2629 694 2669 in
724 2633 895 2668 extrema
924 2629 998 2667 hac
1026 2627 1160 2667 Italiae
1196 2627 1359 2677 regione
1395 2626 1562 2677 posim,
1600 2636 1699 2676 quas
1726 2636 1850 2676 genus
1877 2638 1899 2667 a
1929 2627 2088 2669 Graecis
2116 2631 2263 2672 diieere

271 2693 366 2733 nulli
394 2692 548 2732 omnino
576 2690 806 2731 dubitationi
836 2693 895 2729 est
922 2690 1144 2729 obnoxium.
1175 2688 1333 2728 Cuinam
1362 2688 1464 2728 enim
1493 2698 1540 2728 ex
1564 2688 1637 2728 hac
1664 2688 1814 2738 origine
1842 2699 1977 2739 parum
2006 2693 2071 2730 aut
2099 2691 2264 2741 dignita·

270 2755 320 2795 tis
339 2758 378 2794 et
397 2753 566 2804 decoris,
596 2756 663 2793 aut
690 2752 927 2792 incitamenti
957 2755 997 2791 et
1024 2750 1240 2790 alacritatis
1272 2751 1321 2790 ad
1358 2751 1562 2801 praeclara
1604 2753 1644 2790 et
1670 2750 1792 2790 ardua
1811 2761 1989 2801 quaeque
2022 2755 2265 2802 capessenda

271 2817 309 2856 in
329 2819 509 2866 posteros
537 2814 755 2855 redundare
784 2815 902 2854 rideri
924 2815 1080 2863 potest?
1109 2812 1243 2852 Ullane
1272 2822 1342 2852 seu
1370 2812 1622 2852 vetustiorum
1650 2813 1821 2862 gentium
1840 2841 1851 2863 ‚
1894 2823 1964 2853 seu
2002 2815 2263 2855 recentiorum

271 2881 376 2919 tanta
408 2877 602 2929 praestitit
629 2876 866 2917 humanitate
894 2876 1011 2916 simul
1046 2879 1086 2915 et
1122 2875 1262 2915 bellica
1291 2875 1460 2927 virtute,
1499 2879 1541 2915 ut
1576 2875 1713 2916 Graiae
1746 2876 1797 2916 sit
1832 2876 2120 2917 anteferenda?
2160 2879 2263 2919 llaec

356 3054 404 3094 (l)
426 3054 468 3087 De
491 3053 558 3086 Situ
587 3053 746 3095 lapyylae
768 3054 799 3086 in
821 3053 949 3087 Delectu
971 3053 1162 3095 Scriptorum
1183 3053 1297 3086 Rerum
1319 3052 1585 3094 Neapolitanorum
1609 3062 1679 3096 pag.
1703 3053 1778 3087 ote.
