2652 3762
2133 377 2199 405 xltt

269 455 436 502 vectum,
466 451 612 492 diutius
639 451 676 492 in
705 451 850 499 eisdem
883 447 1135 498 perduraret,
1165 456 1242 495 quo
1262 446 1387 495 ipsum
1408 446 1499 486 olim
1519 447 1733 486 deserviret
1760 447 1972 488 excitandis
2000 449 2100 498 apud
2132 449 2248 489 ltalos

269 517 448 567 ingenuis
476 517 657 566 artibus,
688 519 727 554 ct
754 524 851 563 pene
879 515 927 551 ab
955 522 1049 551 orco
1078 511 1320 549 revocandis.
1352 511 1445 549 Nam
1481 512 1638 550 saeculo
1676 510 1828 550 XlV-ex
1861 513 2024 561 oppidis·
2049 512 2251 552 CalabrIae

269 579 519 630 prodiverunt
547 578 770 617 Barlaamus
798 579 837 615 ct
865 575 1011 614 Pilatus
1032 602 1044 623 ,
1074 582 1238 622 quorum
1267 573 1374 622 prior
1402 574 1647 613 Petrai-elnam
1666 603 1676 623 ,
1711 575 1810 613 alter
1839 574 2057 615 Boccatium
2087 586 2251 625 graecas

267 641 420 681 litteras
448 642 674 688 docueruut,
704 638 909 687 l'ontesque
937 636 1158 677 uberrimos
1177 637 1328 675 Atticae
1348 639 1560 676 venustatis
1580 639 1733 686 utrique
1757 642 2006 686 aperuerunt.
2036 640 2088 678 lta
2110 641 2251 679 l'actum

270 708 345 754 est,
375 708 418 743 ut
443 700 613 742 hetrusci
642 700 696 739 illi
717 701 865 740 duoviri
895 703 984 750 post
1011 699 1248 748 Alignerlum
1278 700 1588 747 praeclarissima
1618 702 1834 740 italicarum
1863 701 2079 740 litterarum
2109 703 2253 754 lumina

272 772 310 807 ct
337 768 560 806 ornamenta
588 764 795 803 evaserint.
829 765 985 802 Accitus
1013 767 1216 812 praeterea
1246 761 1479 800 Florentiam
1509 763 1668 813 Pilatus,
1692 769 1767 802 tam
1788 765 1872 803 eius
1891 764 2013 814 urbis,
2044 775 2159 813 quam
2190 776 2251 804 ur-

271 831 374 870 bium
404 827 646 866 finitimarum
675 827 779 867 cives
807 826 1024 866 incredibili
1051 827 1215 876 quadam
1236 824 1447 874 eupiditate
1475 825 1698 864 addiscendi
1727 827 1946 875 graecanici
1976 827 2168 867 sermonis
2196 828 2251 866 in·
2279 863 2281 866 ,

269 889 488 931 flammavit.
530 889 787 934 Quamobrem
816 891 961 940 optimo
990 890 1072 928 iure
1101 888 1259 937 gloriari
1289 886 1490 925 Calabriae
1520 887 1638 936 licet,
1679 889 1780 935 quod
1809 893 2013 938 antequam
2042 890 2090 928 ab
2118 890 2250 931 exciso

271 949 694 1000 Constantinopolitano
724 950 903 1001 lmperio,
933 950 1112 989 nimirum
1141 949 1268 988 medio
1296 948 1378 987 fere
1405 949 1561 986 saec-ulo
1582 947 1660 995 XV,
1684 949 1932 989 doctissimus
1956 952 2121 1001 quisque
2138 952 2255 992 Grae-

269 1021 403 1051 corum
432 1013 469 1051 iu
500 1012 647 1052 ltaliam
676 1022 764 1052 sese
792 1012 1034 1062 recepisset,
1069 1021 1140 1061 per
1168 1011 1286 1050 urbes
1313 1010 1464 1049 italicas
1493 1020 1515 1048 e
1542 1010 1743 1049 Calabriae
1772 1011 1932 1050 latebris
1960 1023 2125 1060 graecae
2151 1014 2252 1054 litte-

268 1085 337 1115 rae
365 1074 439 1113 iam
467 1084 489 1113 a
518 1076 676 1114 saeculo
704 1075 877 1124 proxime
905 1073 1109 1123 superiore
1137 1082 1226 1112 sese
1253 1076 1576 1122 propagaverunt,
1601 1076 1641 1111 ut
1659 1083 1680 1110 a
1712 1073 1851 1111 loanne
1879 1074 2068 1119 Andresio
2094 1075 2150 1126 (l)
2178 1076 2255 1126 pri-

266 1146 370 1176 mum
390 1134 697 1175 animadversum
716 1135 801 1186 luit,
823 1139 863 1175 et
879 1135 1202 1186 auspicatissimis
1221 1135 1424 1174 conatibus
1443 1135 1678 1184 squallorem
1698 1136 1891 1186 situmque
1906 1133 2133 1178 barbaricae
2153 1138 2255 1179 aevi-

267 1199 359 1239 tatis
386 1197 592 1247 detergere
619 1201 892 1249 accceperant.
2088 1209 2090 1211 ·

1140 1367 1144 1370 ⁴
1182 1357 1346 1413 VII.

373 1564 450 1605 lam
478 1573 571 1604 vero
598 1564 632 1605 sl
659 1568 738 1605 tam
772 1565 1010 1615 praestabile
1046 1566 1275 1605 henellcium
1313 1566 1521 1607 dimanavit
1547 1577 1569 1607 e
1597 1567 1814 1607 Graecitate
1843 1568 1879 1606 in
1910 1569 2054 1608 nostris
2090 1569 2257 1617 regioni-

270 1628 343 1668 bus
370 1631 553 1675 tanquam
581 1626 703 1666 Sacro
732 1625 823 1675 igne
849 1630 918 1665 aut
944 1627 1118 1666 Palladio
1146 1628 1365 1678 adservata,
1397 1639 1467 1678 par
1494 1639 1739 1678 aequumque
1766 1630 1925 1678 luisset,
1957 1634 1998 1668 ut
2026 1630 2170 1668 renatis
2199 1630 2258 1668 lit-

268 1687 496 1733 terisdocti
524 1687 595 1726 viri
624 1687 673 1725 de
701 1687 960 1736 congerendis
988 1687 1072 1726 eius
1101 1690 1359 1728 monumentis
1378 1700 1424 1729 ac
1444 1699 1557 1729 serae
1585 1690 1805 1739 posteritati
1833 1692 2060 1730 mandandis
2089 1692 2259 1740 aliquam

267 1747 446 1788 iniissent
469 1750 672 1789 rationem.
695 1748 769 1789 Per
795 1759 841 1788 ca
869 1750 1025 1798 quidem
1053 1753 1228 1799 tempora
1261 1761 1376 1800 seges
1412 1751 1550 1800 ingens
1586 1752 1763 1801 conquiri
1800 1752 1990 1801 potuisset
2031 1763 2260 1801 graecarum

269 1813 603 1863 membranarum,
643 1824 742 1863 quac
781 1814 819 1852 in
856 1814 1061 1854 tabulariis
1098 1814 1411 1865 coenobiorum,
1458 1815 1720 1854 Ecclesiarum
1757 1819 1797 1854 et
1833 1815 2155 1864 Municipiorum,
2187 1826 2257 1854 nec

269 1886 344 1930 non
373 1876 472 1915 intra
501 1877 736 1926 privatarum
765 1877 966 1916 domorum
994 1878 1165 1926 parietes
1191 1881 1282 1916 tunc
1310 1878 1520 1927 extabant,
1559 1881 1598 1917 et
1625 1878 1885 1917 dilabentibus
1922 1879 2085 1917 subinde
2123 1889 2258 1917 saecu-

268 1937 319 1978 lis
346 1942 597 1978 evanucrunt.
631 1938 707 1977 Sed
745 1939 810 1987 qui
847 1939 987 1978 studiis
1023 1939 1317 1978 humanioribus
1354 1940 1636 1990 indulgebant,
1671 1941 1928 1990 repudiabant
1956 1945 1995 1979 et
2028 1941 2256 1979 aversaban-

270 2002 334 2039 tur
360 2000 556 2040 chartulas
584 2004 624 2039 et
649 2000 861 2049 diplomata
890 2000 1085 2040 citerioris
1113 2002 1224 2050 aevi,
1255 2005 1389 2050 utpote
1417 2002 1637 2040 barbariem
1666 2003 1880 2041 redolentia
1903 2014 1912 2052 ;
1945 2003 2101 2041 codices
2129 2011 2220 2040 vcro
2243 2031 2254 2051 ,

268 2060 410 2109 quibus
437 2061 678 2110 elegantiora
706 2061 960 2110 graecanicae
987 2062 1218 2100 urbanitatis
1246 2066 1285 2100 et
1313 2063 1527 2109 sapientiae
1557 2067 1799 2102 monumenta
1828 2064 1981 2102 fuerant
2018 2065 2225 2102 commissa
2243 2093 2254 2112 ‚

269 2122 307 2159 ln
337 2120 487 2160 deliciis
514 2124 555 2160 et
580 2121 778 2160 amoribus
806 2122 1013 2161 habebunt.
1044 2123 1093 2161 At
1120 2123 1151 2161 si
1182 2132 1305 2170 genus
1334 2123 1408 2161 boc
1436 2124 1652 2162 litterarum
1681 2125 1810 2173 magni
1839 2124 2121 2164 aestimandum
2151 2129 2263 2174 erat,

268 2184 432 2222 alterum
461 2182 556 2222 illud
585 2184 776 2222 contemni
805 2188 845 2223 et
871 2184 1026 2234 explodi
1055 2194 1129 2223 non
1159 2185 1379 2234 oportebat,
1409 2195 1495 2224 cum
1525 2187 1612 2225 inde
1648 2191 1783 2236 posset
1811 2188 1964 2226 abunde
1992 2188 2154 2237 hauriri,
2186 2197 2263 2235 quo

267 2244 564 2295 praeteritorum
593 2249 810 2295 temporum
838 2246 1101 2285 illustraretur
1128 2247 1329 2286 memoria.
1362 2248 1475 2287 lanus
1495 2247 1725 2288 Parrhasius
1754 2250 2001 2290 Calabrensis
2031 2261 2262 2300 graecarum

268 2305 553 2356 latinarumque
581 2306 797 2346 litterarum
825 2317 871 2346 ea
899 2310 1130 2357 tempestate
1158 2308 1457 2348 callentissimus
1486 2320 1508 2349 e
1536 2311 1672 2359 patriis
1701 2310 1907 2351 Coenobiis
1935 2314 2150 2362 permultos
2178 2314 2263 2362 qui-

267 2368 356 2408 dem
385 2369 607 2419 corrogavit
634 2380 800 2419 graecos
828 2370 999 2421 codices,
1030 2371 1095 2420 qul
1124 2375 1212 2420 post
1239 2372 1323 2411 eius
1351 2373 1498 2412 obitum
1527 2374 1692 2423 primum
1711 2375 1759 2414 ad
1781 2375 2034 2425 Seripandum
2066 2377 2263 2416 Romanae

269 2430 470 2471 Ecclesiae
499 2431 756 2482 Cardiualcm,
787 2432 926 2473 deinde
954 2433 1004 2472 ad
1032 2432 1323 2484 Neapolitanum
1354 2435 1626 2476 Monasterium
1658 2437 1699 2477 S.
1727 2438 1878 2478 loannis
1906 2441 1954 2478 ad
1984 2441 2262 2480 carbonariam

269 2499 493 2547 spectarunt
518 2495 599 2547 (2);
631 2496 838 2537 deterioris
866 2506 957 2536 vero
978 2498 1118 2538 aetatis
1145 2499 1355 2548 diplomata
1384 2505 1638 2551 caeterasque
1666 2503 1926 2554 membranas,
1956 2504 2097 2553 quibus
2125 2505 2262 2544 cadem

270 2557 464 2599 coenobia
490 2558 712 2609 affluebant,
742 2559 848 2598 nullo
876 2559 1058 2609 dignatus
1085 2563 1147 2599 est
1174 2560 1326 2600 intuitu.

351 2660 400 2701 (l)
424 2660 554 2702 ormino
575 2669 592 2693 ο
611 2669 783 2703 progresso
805 2662 925 2703 ‹t’oyni
944 2663 1144 2695 leuen-atum.
1170 2664 1254 2695 Tam.
1279 2664 1306 2696 1.
1331 2672 1405 2705 cap.
1428 2666 1500 2698 ΧΙΙ.
1524 2665 1553 2707 §.
1576 2666 1652 2700 204.

352 2711 400 2752 (Ξ)
424 2711 594 2753 Garamans
615 2712 729 2745 nortem
750 2714 898 2746 codicum
919 2722 1006 2745 antro
1029 2714 1347 2747 mocctnxxlva
1363 2717 1513 2749 Pasebali
1528 2718 1627 2759 Baffio
1648 2726 1842 2760 graecarum
1863 2721 2044 2754 litterarum
2067 2722 2164 2754 laude
2187 2731 2259 2755 eum

267 2764 383 2805 panacis
404 2765 637 2804 comparando,
660 2767 691 2796 el
712 2765 944 2806 Neapolitanae
963 2767 1125 2807 principis
1148 2767 1364 2799 Bibliothecae
1380 2769 1545 2810 Praefecto
1568 2773 1777 2805 concinnatas
1793 2777 1888 2813 alque
1902 2775 2017 2807 misem
2032 2774 2094 2815 suit
2110 2777 2154 2806 ad
2172 2776 2259 2807 Clu-i·

268 2815 454 2856 eruptum-um
474 2816 607 2854 norton,
630 2816 686 2855 qui
707 2820 782 2848 lune
802 2817 981 2858 namnum&
1001 2819 1252 2851 ernendaiiorem
1274 2821 1513 2861 auctior-amque
1536 2823 1680 2855 Fabricii
1702 2825 1930 2857 Bibliollaecam
1955 2827 2109 2858 Graecam
2132 2828 2260 2864 edebat,

271 2866 388 2905 quique
408 2866 523 2898 tium:
543 2867 589 2899 ad
609 2867 754 2899 eumdem
776 2867 909 2908 Bellium
922 2891 932 2905 ‚
955 2871 986 2899 el
1009 2869 1196 2901 Caielauum
1217 2871 1257 2902 de
1279 2872 1406 2903 Ancora
1427 2874 1512 2905 datia
1534 2882 1574 2905 ac
1594 2876 1791 2915 praepositis
1810 2878 1901 2916 parti
1921 2879 2082 2909 secundae
2105 2879 2182 2909 ιουιί
2203 2887 2260 2919 po·

271 2917 415 2947 aierioria
438 2917 580 2949 citandam
601 2916 831 2956 Bibliothecae,
848 2921 909 2951 ait.-
929 2930 941 2950 n
957 2921 1091 2952 illustria
1113 2921 1202 2962 Ilalli,
1225 2923 1329 2961 quiin
1353 2924 1488 2955 Graecia
1511 2925 1650 2964 habilae,
1672 2927 1818 2959 lubenter
1837 2929 2209 2969 suscepistiid1109011'1',
2226 2938 2266 2961 ac

271 2965 514 3006 aitiqentimme
535 2969 742 3009 composuisti
763 2970 854 3001 illum
878 2972 1074 3011 catatonum,
1097 2976 1214 3012 tuaque
1235 2975 1338 3013 ipsiius
1359 2983 1459 3007 ηιωιιι
1480 2977 1582 3008 nilide
1604 2982 1777 3018 curatoque
1791 2980 1962 3019 scripsisti.
1981 2981 2075 3020 Quem
2095 2990 2189 3020 quum
2206 2989 2266 3012 ac-

272 3019 437 3058 cepissem,
460 3023 581 3069 quanta
600 3019 751 3062 persaeus
771 3024 832 3054 aim
853 3024 988 3064 vuadio,
1013 3025 1120 3057 (licere
1142 3034 1206 3057 nou
1227 3035 1370 3066 possum.
1394 3028 1492 3067 Atque
1515 3038 1574 3069 ‘¹9⁰
1596 3032 1715 3068 nescio,
1740 3040 1815 3063 num
1837 3040 1950 3064 raram
1971 3035 2059 3065 licam
2081 3033 2263 3064 hamanita-
