2652 3762
1289 351 1463 387 ..ιε-

378 421 683 470 πρωτοσπαῧαριου
706 418 761 453 καὶ
782 415 959 455 uanos-dvm
982 418 1115 458 ἱταλιας
1138 416 1202 455 τού
1220 430 1354 466 &parxa-

1418 420 1449 470 †
1460 428 1528 468 ἐγω
1538 433 1709 469 γριγωριος
1716 422 2018 477 πρωτοοζπᾶὓαριος
2028 436 2084 460 και
2096 437 2273 462 nme-imm
2281 439 2368 470 '1:2¹2-

378 479 492 513 m‘n-w.
502 473 739 516 υουλλόσαντες
753 471 807 512 δια
815 471 979 513 μολύυδου
989 478 1106 512 υουλλι
1125 489 1168 512 το
1181 470 1242 512 ὶδὶο
1254 480 1352 513 υουλ-
1396 482 1470 520 λιας
1485 494 1503 517 ο
1516 492 1769 528 τραχανηωττρ.
1822 500 1836 515 0

376 533 588 580 λοτηριο,καὶ
603 546 649 578 τη
662 532 753 571 sixena
768 547 831 578 μου
843 535 921 583 χειρὶ
936 532 1216 580 καθυπσγροίψας,
1232 534 1286 570 καὶ
1305 547 1351 582 ερ-

372 587 567 635 μηεὶψαντες
579 593 661 629 ἀυτό
674 590 816 629 κοίτοῦεν
828 591 976 636 λατήνα.
985 592 1024 631 εἷς
1036 585 1178 636 Sangam
1189 605 1249 637 την
1262 596 1350 629 πολ-

372 647 482 694 λοίχός
493 647 632 698 ριθείσσιν
642 651 736 698 μονὴν
748 645 945 695 ἐπεδώκαμεν
957 664 1027 697 μηνι
1041 665 1097 688 και
1111 646 1283 689 auximum
1300 663 1348 696 τη

371 719 657 758 ’'mmmmm-

1433 586 1489 627 (Ex
1503 586 1624 629 originali
1639 588 1794 621 membrana
1807 587 1918 631 bilingui
1934 587 2041 621 Archivi
2055 586 2254 620 casinensis—
2262 589 2308 620 ιι.ο
2322 588 2368 629 5.)

1087 851 1271 895 EIUSDEM
1299 849 1459 893 RECENS
1488 848 1641 892 vsnslo

420 957 592 993 Februarii
610 969 718 993 mense
729 985 738 999 ,
762 958 901 994 instante
918 958 1136 995 deeimatertia
1153 958 1346 1000 indictione,

367 1027 453 1050 anno
467 1016 574 1058 6508,
591 1017 758 1063 querelam
776 1017 851 1052 fecit
867 1029 977 1052 coram
995 1017 1088 1051 nobis
1105 1018 1240 1052 Maurus
1254 1027 1346 1064 prae-

365 1073 490 1119 positus
498 1079 531 1109 et
540 1083 736 1109 oeconomus
746 1074 933 1109 monasterii
941 1077 976 1110 S.
986 1075 1148 1109 Benedicti
1157 1074 1346 1109 MontisCa-

363 1130 426 1165 sini
439 1142 540 1177 prope
549 1132 705 1177 Capuam,
716 1130 824 1165 dicens
838 1131 925 1178 quod
939 1132 1061 1167 dictum
1074 1138 1221 1167 nostrum
1234 1143 1346 1166 mona-

364 1187 501 1222 sterium
515 1187 549 1222 S.
560 1188 722 1222 Benedicti
737 1188 777 1221 ab
793 1188 935 1234 antiquis
949 1201 1053 1235 usque
1071 1189 1272 1235 temporibus
1289 1188 1346 1222 ha-

364 1245 439 1281 beat
457 1245 491 1280 in
507 1245 646 1281 diversis
662 1246 850 1280 civitatibus
869 1247 1017 1283 thematis
1034 1248 1145 1282 Italiae
1163 1246 1345 1294 (possessio-

362 1303 429 1351 nes)
443 1315 623 1351 earumque
637 1305 678 1339 sit
692 1304 856 1345 dominus,
870 1312 903 1340 et
916 1306 1000 1352 ipsas
1014 1306 1179 1341 detineant
1195 1307 1345 1353 tyranni-

363 1375 399 1397 ca
417 1373 515 1397 manu
532 1362 682 1397 nonnulli
700 1363 869 1403 homines3
899 1370 931 1398 et
948 1364 1080 1398 insimul
1105 1364 1269 1399 chartulas
1294 1365 1344 1398 in-

362 1426 622 1455 strumentorum
641 1431 700 1466 pro
718 1431 915 1466 unaquaque
932 1421 1025 1455 nobis
1042 1420 1196 1455 ostendit.
1218 1421 1344 1461 Quam-

361 1478 476 1514 obrem
495 1478 644 1513 misimus
665 1479 798 1513 Petrum
821 1478 983 1514 Comitem
1002 1478 1111 1514 Cortis
1136 1478 1259 1513 ordinis
1284 1490 1344 1513 no-

361 1537 420 1572 stri
437 1536 473 1572 in
492 1537 660 1573 civitatem
678 1537 825 1578 Lesinae,
842 1537 876 1572 in
894 1549 959 1584 qua
971 1537 1095 1572 dictum
1109 1538 1341 1573 monasterium

361 1589 542 1642 possidebat
550 1601 643 1631 extra
655 1601 781 1642 portam
796 1596 955 1642 templum
969 1596 1002 1631 S.
1012 1596 1177 1631 Benedicti
1187 1608 1263 1631 cum
1272 1596 1341 1631 eius

360 1652 576 1700 pertinentiis,
593 1659 626 1689 et
639 1653 791 1700 hospitali
806 1653 985 1689 diversorio
997 1655 1085 1690 intus
1097 1654 1245 1689 eamdem
1263 1655 1342 1689 civi-

358 1718 461 1747 tatem
479 1713 626 1752 Lesinae,
641 1718 674 1747 et
688 1712 799 1747 vineas
817 1710 958 1748 desertas
976 1718 1008 1747 et
1021 1713 1170 1759 praedia:
1190 1713 1341 1747 similiter

358 1768 448 1803 etad
468 1768 609 1807 flumen,
637 1768 724 1815 quod
750 1775 888 1803 vocatur
904 1769 1024 1810 Lauri,
1053 1770 1217 1804 vivarium
1240 1781 1342 1804 unum

358 1826 447 1872 quod
465 1825 545 1860 inibi
561 1831 651 1861 extat
668 1852 676 1866 ,
706 1826 762 1861 sed
781 1832 813 1861 et
830 1826 971 1867 alterum
990 1827 1153 1861 vivarium
1178 1827 1265 1873 quod
1283 1839 1340 1861 no-

358 1883 502 1918 minatur
527 1883 562 1917 S.
583 1883 772 1918 Benedicti:
799 1889 832 1917 et
853 1883 886 1917 in
907 1884 1111 1929 pertinentiis
1137 1883 1278 1918 civitatis
1295 1884 1341 1917 Α-

359 1941 456 1982 sculi,
476 1941 508 1975 in
526 1953 606 1987 agro
631 1941 688 1988 qui
706 1947 842 1975 vocatur
860 1941 1060 1981 Lannianus,
1088 1947 1192 1989 septa,
1209 1941 1339 1988 praedia

359 2005 393 2033 et
412 2005 559 2046 puteum:
579 2004 610 2033 et
627 1998 661 2032 in
679 1998 750 2033 loro
767 1998 927 2034 Maisanae
945 1998 1008 2033 alia
1025 2005 1113 2045 septa
1126 1999 1178 2045 (et)
1194 1998 1336 2046 praedia:

359 2062 389 2090 et
408 2056 440 2091 in
459 2056 530 2090 loco
546 2055 632 2090 dicto
648 2056 682 2090 S.
700 2055 829 2090 Ioannis
846 2055 887 2090 ‹le
903 2057 1004 2091 Rutta
1022 2062 1110 2102 septa
1127 2055 1178 2102 (ct)
1192 2055 1336 2101 praedia:

360 2119 391 2147 et
411 2113 445 2147 in
462 2113 534 2147 loco
558 2112 594 2147 S.
614 2112 823 2147 Decurrentii
841 2111 983 2159 praedia:
1002 2117 1036 2147 et
1060 2113 1149 2147 intus
1173 2111 1339 2146 civitatem

360 2172 471 2207 Asculi
490 2172 625 2207 domum
642 2183 718 2206 cum
735 2171 868 2207 aedibus
891 2171 1111 2218 superioribus
1126 2176 1159 2205 et
1175 2171 1339 2205 inferiori-

361 2231 433 2269 bus,
449 2241 547 2276 quam
561 2230 737 2270 Moseatus,
749 2229 836 2264 tilius
850 2228 946 2264 Rotri
959 2227 1153 2267 Asculanus,
1170 2239 1230 2274 pro
1243 2227 1339 2273 spiri-

362 2289 441 2323 tuali
460 2289 564 2323 salute
582 2288 683 2334 ipsius
695 2289 781 2323 dicto
795 2287 991 2323 monasterio
1007 2288 1042 2322 S.
1059 2286 1222 2321 Benedicti
1239 2286 1338 2320 dona-

360 2348 428 2382 vit:
450 2347 599 2382 similiter
618 2353 650 2382 et
667 2348 699 2382 iu
718 2348 849 2383 civitate
867 2348 1012 2387 Canusii,
1032 2347 1066 2381 in
1081 2347 1197 2381 Castro
1212 2347 1334 2387 veteri,

362 2407 452 2443 iuxta
468 2406 627 2455 templum
640 2419 773 2455 magnae
787 2407 941 2455 martyris
953 2407 987 2443 S.
1005 2405 1217 2454 Euphemiae‚
1232 2405 1337 2443 eccle-

1389 958 1471 993 siam
1486 957 1522 993 S.
1536 954 1715 995 Benedicti,
1733 959 1766 989 et
1779 952 2000 988 molendinum
2015 950 2202 999 aquarium,
2220 954 2253 986 et
2269 960 2365 997 prae-

1388 1016 1459 1052 dia:
1485 1020 1518 1050 et
1541 1016 1576 1050 in
1609 1013 1813 1062 pertiuentiis
1837 1011 1978 1047 civitatis
2001 1010 2153 1045 Miner-vii
2177 1008 2365 1056 speluncam

1388 1080 1421 1109 et
1434 1072 1601 1109 ecclesiam
1612 1074 1648 1107 S.
1662 1068 1890 1109 Salvatoris,ct
1903 1067 2087 1115 praediazet
2099 1065 2185 1112 apud
2197 1066 2364 1100 civitatem

1387 1134 1597 1172 Tranensem,
1614 1132 1647 1166 in
1664 1142 1742 1178 agro
1758 1129 1901 1169 Andrae,
1920 1128 2032 1163 vineas
2047 1125 2192 1160 desertas
2207 1123 2364 1159 habentes

1386 1190 1520 1225 arbores
1536 1189 1699 1224 olivarum
1711 1188 1855 1235 quinque
1871 1192 1904 1220 et
1920 1183 2051 1231 viginti:
2071 1189 2105 1219 et
2122 1182 2162 1218 ad
2178 1181 2289 1217 rivum
2304 1192 2364 1215 no—

1388 1249 1545 1284 minatum
1562 1248 1795 1294 Calogerorum
1811 1245 1956 1293 praedia.
1966 1245 2142 1289 Propterea
2158 1240 2239 1276 haec
2253 1239 2364 1275 omnia

1386 1308 1556 1354 diligenter
1572 1311 1605 1341 et
1618 1318 1662 1341 ex
1674 1307 1746 1351 lege
1761 1304 2004 1350 investigantes,
2014 1308 2048 1338 et
2060 1299 2262 1336 invenientes
2275 1297 2365 1345 quod

1385 1365 1428 1399 ab
1439 1363 1582 1410 antiquis
1598 1374 1703 1410 usque
1721 1361 1922 1408 temporibus
1935 1373 1954 1395 a
1969 1359 2056 1394 dicto
2068 1359 2104 1392 S.
2115 1355 2280 1392 Benedicti
2292 1366 2365 1390 mo-

1386 1420 1526 1454 nasterio
1550 1419 1609 1467 (ea)
1634 1418 1852 1466 possidentur,
1879 1429 1917 1451 ac
1941 1417 1976 1451 in
1993 1416 2064 1451 eius
2088 1419 2164 1450 sunt
2188 1417 2360 1460 potestate,

1385 1484 1417 1512 et
1433 1490 1492 1524 pro
1510 1489 1708 1524 unoquoque
1735 1474 1899 1524 (praedio)
1924 1474 2082 1521 scriptum
2106 1474 2360 1508 instrumentum

1386 1537 1473 1571 idem
1495 1536 1729 1572 monasterium
1746 1535 1855 1575 habet,
1875 1540 1908 1569 et
1932 1534 2064 1578 insuper
2087 1530 2361 1578 deprehendentes

1385 1595 1472 1641 quod
1489 1595 1696 1641 praepotenti
1713 1606 1812 1629 manu
1828 1605 1865 1627 ea
1883 1604 1968 1627 nunc
1985 1591 2211 1630 detineantur,
2237 1589 2361 1625 idcirco

1385 1654 1462 1700 ipsis
1478 1653 1702 1688 detentoribus
1715 1652 1921 1691 abstulimus,
1935 1656 1969 1685 et
1982 1648 2147 1696 praedicto
2163 1648 2361 1683 monasterio

1385 1712 1584 1747 reddidimus
1597 1738 1605 1753 ,
1626 1717 1664 1746 ut
1676 1711 1791 1745 habeat
1809 1716 1841 1745 et
1859 1708 2019 1756 possideat
2037 1708 2118 1742 haec
2134 1707 2258 1748 omnia,
2275 1706 2361 1741 sicut

1385 1772 1425 1805 ab
1442 1771 1536 1805 initio
1553 1770 1697 1816 possedit
1721 1775 1754 1804 et
1771 1769 1875 1803 tenuit
1891 1773 1924 1802 et
1940 1779 1983 1802 ex
1999 1767 2040 1802 vi-
2052 1768 2356 1801 instrumentorum.

1384 1827 1477 1862 Unde
1488 1827 1528 1861 ad
1537 1827 1718 1873 pleniorem
1737 1826 1831 1860 iidem
1848 1831 1880 1860 et
1893 1826 2021 1859 firmam
2030 1824 2236 1859 securitatem
2251 1823 2361 1869 legen-

1384 1883 1480 1924 tium,
1499 1895 1650 1930 praesens
1668 1888 1915 1918 monumentum
1933 1882 1996 1916 mei
2015 1881 2164 1927 Gregorii
2178 1879 2360 1926 imperialis

1384 1942 1638 1988 protospatharii
1655 1948 1687 1976 et
1705 1941 1859 1987 Catapani
1878 1940 2002 1980 ltaliae,
2016 1939 2269 1980 Trachaniotae,
2285 1938 2359 1973 bul-

1383 1999 1484 2034 tatum
1509 2000 1662 2046 plumbea
1686 1999 1790 2038 bulla,
1810 1997 1943 2044 proprio
1966 1995 2156 2037 bulloterio,
2172 2001 2205 2030 et
2226 1995 2358 2042 propria

1382 2069 1453 2092 mea
1471 2069 1570 2092 manu
1583 2057 1858 2103 subscriptum,et
1871 2056 1971 2091 latina
1988 2055 2145 2090 donatum
2161 2055 2357 2101 interpreta-

1384 2116 1482 2155 tione,
1499 2127 1584 2162 quae
1601 2116 1736 2150 inferius
1756 2115 1888 2161 legitur,
1905 2115 1939 2149 in
1950 2114 2210 2148 iustificationum
2228 2114 2358 2159 saepius

1381 2174 1546 2209 nominato
1562 2174 1759 2209 monasterio
1773 2172 2003 2213 concessimus,
2013 2182 2122 2207 mense
2137 2178 2170 2207 et
2183 2171 2358 2208 indictione

1380 2233 1619 2279 suprascripti&

1427 2291 1457 2338 †
1473 2293 1541 2338 Ego
1557 2292 1735 2338 Gregorius
1752 2290 2034 2338 Protospatbarius
2050 2296 2084 2326 et
2096 2291 2279 2338 Catapanus
2291 2293 2358 2327 lta-

1379 2348 1455 2390 liae,
1475 2348 1718 2385 Trachaniotes.
