2560 3646
1181 335 1380 371 ...598-

269 413 379 444 Maraldi
401 412 533 444 tranensis
555 408 663 441 rebellis
684 407 757 440 bona
778 407 875 440 tradita
903 405 1028 438 coenobio
1043 404 1181 437 casinensi
1201 403 1252 436 20.

268 466 406 496 Marcidus
427 462 595 494 Castellanus
617 465 638 493 t.
662 459 734 493 312.

267 532 308 538 —-
330 514 444 546 lacobus
466 515 487 544 t.
512 511 562 544 83.

267 583 307 589 .-
330 565 412 594 iudex
435 562 460 593 in
481 562 585 594 civitate
608 561 701 595 Asculi
725 561 776 594 to.-

267 615 421 658 Maratliosa
444 623 473 647 n.
495 614 515 647 l.
539 614 611 658 apud
633 613 836 656 er-Zosimum
858 613 909 646 56.

265 667 401 699 Mararilia
424 666 584 699 Eustatbius
605 662 656 699 642
849 682 852 685 ·

264 736 307 742 —
328 718 455 751 Nicolaus
476 725 498 750 t.
522 718 574 750 65.

264 769 411 801 Marcellini
433 768 531 802 Leonis
550 768 598 801 filii
619 777 792 812 possessores
813 768 914 811 praedii
926 768 952 800 in
963 775 1029 808 agro
1045 765 1168 798 Crotonis
1178 763 1251 795 ‘207-

264 821 420 853 Marcellino
441 820 565 863 (Roberti
585 820 629 862 de)
649 820 766 858 filiorum
788 820 925 863 praedium
941 820 967 851 in
982 828 1048 861 agro
1063 816 1163 849 Catacii
1179 815 1250 847 435.

265 871 429 904 Marchisius
451 872 511 904 odo
532 872 613 904 donat
634 871 732 913 Sergio
754 870 884 903 monacho
898 870 1026 902 ecelesias
1039 869 1072 900 S.
1090 866 1213 899 Phantini
1229 869 1254 895 et

307 922 338 953 S.
363 922 491 963 Cyriacae
513 923 565 962 80,
588 923 702 965 praefat.
720 931 747 964 p.
766 921 851 953 XXV.
866 939 906 944 -
919 921 986 952 Eius
1008 919 1087 950 vidua
1108 916 1254 957 Sicliclgai-

307 978 345 1004 ta.
370 973 404 1004 V.
421 972 598 1015 sichelgaita.
610 971 796 1004 —maretnsii
812 971 909 1002 mentio
929 969 1003 1001 297.

267 1025 353 1056 Marci
374 1024 449 1056 rivus
472 1023 726 1056 105.—Torrens
748 1023 775 1054 in
795 1029 861 1063 agro
883 1020 982 1053 Noliae
998 1019 1072 1050 304.

266 1077 350 1108 Marci
371 1075 528 1117 (Praedium
549 1075 596 1116 S.)
617 1075 643 1107 iu
663 1082 730 1115 agro
750 1073 856 1104 Briatici
879 1072 951 1104 415.

269 1129 379 1162 Marcus
400 1127 583 1169 Hydruntiuus
603 1125 745 1167 episcopus
766 1124 887 1166 plurimis
908 1123 1014 1164 gaecis
1041 1121 1169 1163 operibus
1189 1129 1205 1151 a
1226 1128 1255 1151 se

310 1177 465 1218 conscriptis
486 1175 621 1213 inclaruit.
643 1174 758 1217 praerat.
781 1182 808 1215 p.
833 1173 870 1205 X.

266 1227 342 1258 Mare
356 1233 484 1268 maguum
499 1224 571 1268 apud
583 1224 743 1262 Tarentum,
758 1222 905 1255 θάλασσα
916 1221 1045 1262 μεγάλη,
1061 1221 1093 1259 6,
1105 1230 1180 1253 marc
1195 1228 1255 1262 par-

309 1287 383 1316 vum,
399 1277 547 1309 θᾶλασσα
558 1275 655 1319 μικρὰ,
671 1275 724 1314 22,
748 1271 802 1307 duo
815 1276 909 1313 maria,
926 1273 956 1304 αἶ
970 1272 1015 1305 δύο
1029 1273 1197 1310 θάλασσαι,
1222 1272 1252 1303 6.

267 1331 418 1363 marescotti
439 1330 551 1363 seudum
583 1329 610 1361 in
644 1327 772 1361 Calabria
793 1336 948 1360 concessum
979 1326 1111 1359 Gulielmo
1136 1327 1169 1358 de
1190 1325 1255 1357 Brui

311 1382 385 1413 296.
409 1381 444 1414 V.
467 1381 546 1414 Brui.
1021 1378 1023 1381 ’

270 1432 433 1474 margaritus
453 1430 552 1464 Comes
573 1431 681 1463 mandat
702 1430 857 1463 Camerario
880 1428 1027 1470 Polychorii
1044 1432 1073 1460 ut
1087 1428 1166 1460 donet
1179 1436 1255 1469 prae-

312 1483 386 1514 dium
407 1482 535 1515 ecclesiae
555 1481 589 1514 S.
611 1481 713 1514 Nicolai
734 1483 768 1513 dc
789 1481 911 1514 Peratico
932 1481 1003 1512 319.

272 1533 442 1574 lilargiottius
462 1532 608 1564 Federicus
629 1533 741 1574 praefat.
765 1541 792 1573 p.
819 1532 892 1564 XVi.

270 1583 354 1614 Maria
375 1581 471 1614 Cuculi
491 1583 599 1615 domina
619 1582 692 1615 325.
717 1582 752 1615 V.
775 1580 922 1615 cuculum.

271 1650 312 1656 —-
333 1633 413 1664 vidua
434 1632 507 1665 Falci
529 1633 617 1665 vendit
637 1631 769 1665 Cinnamo
790 1637 891 1665 terram
911 1633 989 1665 sitam
1011 1641 1091 1674 prope
1117 1632 1256 1666 eeclesiam

313 1683 345 1715 S.
370 1684 514 1717 Memnonis
535 1685 586 1717 40.

275 1755 316 1760 —
338 1737 418 1768 vidua
439 1737 513 1768 Petri
534 1737 695 1769 Malasaberi
717 1739 826 1779 eiusque
848 1737 892 1768 filii
921 1737 1072 1775 Antiochia,
1096 1737 1209 1769 loannes
1231 1742 1256 1769 et

315 1788 447 1820 Iordanus
470 1789 586 1820 vendunt
607 1787 735 1820 Ceritziac
757 1788 895 1830 praedium
917 1789 943 1820 in
964 1796 1030 1828 agro
1051 1789 1152 1820 Catacii
1184 1788 1255 1821 364.

271 1841 371 1872 Mariae
393 1840 529 1882 praedium
550 1848 631 1883 prope
654 1839 818 1872 Panormum
840 1840 911 1877 218,
935 1839 1008 1878 250,

271 1911 312 1916 ——
334 1893 482 1933 (Ecclesiae
504 1892 548 1934 S.)
569 1894 596 1925 in
617 1891 738 1924 Canneto
752 1915 760 1930 ‚
782 1891 813 1922 S.
839 1892 938 1924 Mariae
960 1893 993 1924 de
1017 1891 1176 1925 Cathitzuno
1194 1918 1200 1930 ‚
1223 1893 1256 1925 de

315 1944 388 1976 Colle
410 1944 536 1987 Capurri,
560 1945 593 1977 de
614 1944 699 1977 Fossa
721 1949 773 1976 etc.
799 1944 833 1976 V.
858 1943 1004 1977 Ecclesiae.

272 1991 314 2020 -’
335 1996 534 2035 (Monasterium
556 1995 602 2036 S.)
623 1995 805 2036 Camposorani
820 2020 827 2033 ‚
852 1994 883 2027 S.
908 1996 1008 2027 Mariae
1028 1996 1061 2027 de
1085 1996 1191 2037 Cingla,
1223 1996 1256 2027 de

314 2046 495 2086 cyr—Zosim,
512 2046 546 2077 de
560 2045 696 2083 Pei-rusia,
713 2046 746 2077 de
760 2044 943 2077 plumbariola
958 2050 1011 2077 etc.
1036 2046 1070 2077 V.
1087 2047 1254 2077 Illonasteria.

270 2097 389 2128 Mariano
412 2095 595 2137 (Churbertus
616 2097 661 2136 dc)
682 2102 703 2127 t.
731 2095 799 2127 189.

272 2149 410 2180 Marianus
433 2148 605 2189 Anthypatus,
631 2146 762 2179 Patricius
782 2151 834 2178 etc.
860 2147 889 2179 5.
915 2148 946 2179 V.
973 2147 1110 2189 Catapani.

274 2199 393 2230 Marinus
415 2198 508 2230 Abbas
529 2198 581 2229 SS.
607 2198 743 2230 Trinitatis
765 2197 894 2230 Cavensis
917 2199 987 2231 213.

274 2252 428 2282 Marionitus
448 2250 562 2282 loannes
583 2260 645 2282 cuni
666 2251 748 2282 fratre
770 2251 884 2282 Arcadio
906 2252 994 2282 vendit
1016 2251 1114 2284 Basilio
1139 2252 1259 2283 Andrea-

317 2310 360 2332 mo
383 2301 484 2332 vineam
505 2302 531 2332 in
553 2301 611 2332 loco
631 2300 701 2332 dicto
723 2301 755 2331 de
778 2300 908 2333 Caduricc
931 2301 1002 2332 550.

274 2353 409 2384 Marmora
430 2362 459 2384 n.
483 2352 502 2384 l.
528 2353 553 2384 iu
573 2351 698 2385 Calabria
720 2352 791 2383 557.

272 2404 384 2436 Marone
405 2403 586 2446 (Charbertus
607 2404 652 2445 de)
672 2409 694 2436 t.
718 2403 767 2436 75.

277 2457 363 2487 Marta
387 2456 520 2498 Rogerius
542 2455 612 2488 330.
637 2456 671 2487 V.
696 2456 774 2488 Irene
790 2457 898 2488 .Nicolai
922 2456 1034 2498 Rhegini
1057 2458 1144 2490 vidua.

278 2507 469 2539 Marrostaetus
491 2506 618 2538 Nicotaus
640 2516 666 2537 v.
693 2506 762 2538 181.

273 2556 425 2587 lilarsilonfo
447 2556 554 2591 (Frater
575 2556 673 2588 Petrus
693 2556 737 2596 de)
758 2560 779 2587 t.
805 2556 864 2588 208

273 2606 444 2637 ltlarsitulum
466 2615 493 2637 n.
518 2607 537 2638 l.
563 2608 588 2638 in
611 2615 678 2648 agro
701 2606 826 2639 Panormi
849 2607 919 2639 288.

278 2656 417 2688 Martellus
438 2656 551 2688 Michael
573 2661 594 2688 t.
618 2657 688 2689 390.

277 2722 318 2728 ——
338 2704 486 2738 Riccardus
500 2706 580 2738 donat
590 2709 754 2740 monasterio
768 2707 800 2740 S.
814 2709 902 2741 Mauri
913 2709 1054 2742 nonnullos
1065 2710 1205 2743 bomines5
1214 2712 1258 2744 11.

281 2755 391 2787 Martiae
412 2756 546 2797 (Andreas
567 2758 611 2798 de)
633 2764 653 2789 t.
681 2758 749 2791 128.

283 2822 324 2828 -
345 2804 548 2845 (Constantinus
569 2808 614 2848 de)
636 2813 657 2840 t.
684 2809 754 2847 466,
779 2811 850 2843 480.

282 2872 324 2878 -
345 2854 468 2893 (loannes
487 2857 530 2897 de)
551 2862 572 2890 t.
596 2859 669 2890 477.

1297 403 1426 435 Martinus
1448 405 1562 438 loannes
1583 405 1647 437 emit
1668 413 1685 437 a
1706 404 1845 446 Pelegrino
1859 407 1886 435 et
1900 402 1999 434 Consta
2020 403 2131 438 Tzooala
2153 407 2272 448 praedio·

1338 454 1394 485 lum
1416 454 1441 485 in
1463 463 1529 496 agro
1552 455 1692 487 Nicoterae
1714 454 1773 486 348
1787 478 1795 492 ,
1818 458 1934 496 quatuor
1956 453 2087 495 portiones
2117 457 2216 496 praedii
2237 457 2271 488 ab

1338 507 1431 540 Isaaco
1446 507 1518 546 349,
1541 508 1645 540 vineam
1659 508 1785 540 aloanne
1807 511 1834 539 et
1855 506 1952 538 Basilio
1973 506 2104 537 Stauraeo
2115 506 2270 544 351,355.

1296 576 1336 581 --
1358 557 1514 600 praesbyter
1528 559 1592 590 emit
1606 567 1621 589 a
1637 558 1807 590 Constantino
1829 561 1856 589 et
1870 557 1993 588 Simeone
2015 559 2116 598 partem
2132 556 2231 596 praedii
2247 558 2273 587 in

1338 618 1404 651 agro
1426 610 1527 652 Orgioli
1550 609 1622 642 290.

1297 680 1337 685 -
1357 661 1472 693 Sanctus
1494 661 1544 700 85,
1567 660 1598 692 S.
1623 661 1755 693 Martinus
1775 661 1809 693 de
1830 658 1958 702 Hospitali
1978 656 2102 690 Crotonis
2122 657 2194 689 -101,

1296 715 1451 746 Mai-turano
1473 713 1599 754 (lacobus
1620 713 1664 753 de)
1685 717 1706 744 t.
1730 712 1802 745 438.

1296 783 1337 788 —
1358 763 1506 805 (unbertus
1519 764 1565 804 de)
1578 764 1658 795 donat
1669 763 1807 805 praedium
1830 763 1989 796 monasterio
2011 761 2042 794 S.
2059 760 2187 804 Stephani
2205 760 2271 793 Ere-

1338 814 1462 846 mitarum
1484 814 1555 846 210.

1297 867 1470 898 Marturanns
1493 865 1627 897 Robertus
1647 868 1674 897 et
1697 864 1829 906 liugerius
1848 869 1881 898 tt.
1905 864 1977 903 208,
2001 864 2073 902 210,
2096 863 2168 896 211.

1298 919 1398 959 Martyr
1419 919 1535 950 loannes
1557 928 1581 950 v.
1607 917 1680 950 558.
1734 943 1738 947 .

1298 969 1416 1002 Marveta
1437 968 1621 1010 (Clararertus
1641 968 1684 1010 do)
1705 973 1727 1002 t.
1750 969 1800 1002 07.

1297 1021 1477 1053 Masculistius
1496 1020 1672 1063 Theophanes
1694 1030 1719 1051 v.
1744 1021 1794 1053 77.
1856 1038 1862 1045 ·

1298 1072 1454 1104 Massanova
1475 1071 1601 1112 (loannes
1615 1072 1659 1108 de)
1682 1072 1752 1103 (ilius
1772 1071 1862 1104 Lucae
1876 1081 1938 1104 cunt
1961 1079 2047 1104 uxore
2067 1074 2095 1102 et
2115 1070 2167 1102 silio
2189 1070 2276 1102 venuit

1340 1122 1441 1154 vineam
1463 1121 1560 1153 Basilio
1583 1121 1732 1154 Baimundo
1752 1122 1823 1153 321.

1297 1174 1471 1206 Massanovae
1492 1179 1563 1206 terra
1583 1174 1610 1206 ia
1631 1173 1758 1206 Calabria
1778 1174 1850 1207 321.

1297 1224 1472 1256 illassaretere
1494 1233 1521 1255 n.
1546 1224 1565 1257 l.
1591 1225 1661 1257 118.

1298 1276 1420 1308 lllassena
1433 1274 1525 1318 (Galae
1548 1277 1591 1318 de)
1603 1282 1629 1310 et
1641 1277 1914 1312 AndreaeCarearelli
1931 1278 2042 1312 tabulae
2052 1278 2185 1321 nuptiales
2200 1275 2274 1309 493.

1298 1345 1339 1350 -
1360 1327 1493 1365 Andreas,
1517 1326 1705 1360 Camelabaris
1726 1335 1753 1362 et
1773 1328 1908 1371 Rogerius
1930 1334 1962 1362 tt.
1985 1329 2057 1364 tot.

1298 1378 1437 1410 Masticum
1459 1388 1487 1411 n.
1512 1379 1530 1411 l.
1556 1380 1626 1411 308.

1299 1429 1438 1461 Mestrollei
1455 1430 1523 1462 filius
1545 1430 1656 1463 loannes
1683 1431 1763 1463 ¹eadit
1782 1433 1903 1474 episcopo
1919 1431 2061 1473 Pelessriuo
2083 1430 2224 1474 praedium
2239 1430 2275 1460 si-

1339 1485 1396 1513 tum
1418 1482 1444 1513 in
1465 1482 1568 1514 civitate
1590 1482 1730 1514 Nicotcrae
1751 1481 1823 1516 237.

1299 1532 1495 1576 Ματαροῖτζον
1515 1532 1587 1571 428,
1612 1533 1651 1565 vel
1673 1532 1815 1575 μετροίχος
1835 1533 1909 1572 487,
1931 1533 2040 1565 culcita.

1299 1585 1401 1617 Matera
1422 1585 1570 1626 (Maroldus
1590 1586 1634 1626 de)
1657 1589 1677 1617 t.
1701 1585 1772 1617 514.

1299 1637 1415 1668 Materne
1436 1635 1623 1668 chartularius
1644 1636 1796 1679 Stephanus
1819 1637 1871 1669 18.

1300 1687 1439 1730 Ματερῖου
1460 1687 1526 1727 ivis,
1548 1687 1643 1731 τρῖων,
1655 1693 1708 1722 etc.
1725 1687 1860 1727 ὃσπῖτιον,
1872 1689 1969 1721 domus
1984 1687 2068 1720 trabis
2084 1687 2177 1724 unius,
2193 1686 2274 1719 ‘rium

1341 1744 1393 1770 etc.
1418 1739 1490 1776 515,
1514 1739 1574 1770 519
1598 1739 1669 1770 520.

1300 1790 1439 1823 alatharus
1460 1791 1577 1823 Thomas
1600 1795 1620 1822 t.
1646 1791 1715 1822 430.

1300 1841 1363 1873 Mati
1385 1851 1412 1873 n.
1436 1842 1454 1874 1.
1481 1842 1551 1873 307.

1302 1893 1396 1924 Matina
1417 1901 1444 1924 n.
1468 1892 1488 1924 l.
1513 1893 1539 1924 in
1560 1900 1626 1934 agro
1648 1891 1768 1925 Circlarii
1790 1892 1862 1925 375.

1299 1945 1466 1976 Matremona
1480 1953 1507 1976 n.
1522 1945 1541 1976 l.
1559 1946 1586 1976 iu
1599 1944 1722 1977 Calabria
1738 1944 2020 1977 152—Matremonae
2034 1944 2099 1976 llum
2106 1951 2150 1982 en,
2169 1942 2279 1975 ibid.—

1340 1996 1521 2028 Matrenionae
1542 1997 1648 2038 praedia
1673 1996 1743 2028 128.

1301 2048 1454 2080 Matthaeus
1475 2051 1558 2080 aetae
1580 2048 1704 2081 dominus
1725 2049 1797 2080 515,
1823 2049 1857 2081 V.
1880 2049 1959 2081 Aeta.

1301 2119 1341 2125 —
1362 2100 1419 2142 (S.)
1439 2100 1472 2132 de
1493 2101 1618 2133 Nicotera
1639 2100 1708 2132 338.

1301 2152 1417 2184 lllattolio
1437 2151 1544 2193 (Sarlus
1565 2151 1610 2192 de)
1632 2150 1801 2193 caballarius
1823 2154 1845 2184 t.
1869 2151 1940 2184 116.

1302 2203 1494 2234 Maturanensis
1514 2201 1735 2234 Bartholomaeus
1746 2203 1864 2235 decanus
1874 2201 2030 2234 catacensis
2050 2202 2270 2235 eanonicustat.

1302 2252 1452 2284 lllalzarella
1474 2253 1548 2284 Anna
1563 2252 1650 2283 vendit
1666 2251 1750 2284 Paulo
1761 2252 1884 2284 Fitzurro
1906 2252 2046 2293 praedium
2067 2253 2094 2283 in
2114 2260 2181 2293 agro
2195 2252 2278 2284 Aetne

1303 2354 1414 2388 Matzuci
1436 2353 1526 2386 Basilii
1548 2357 1644 2387 uxoris
1665 2353 1761 2385 domus
1784 2354 1810 2384 iu
1833 2354 1937 2386 eis-itate
1960 2353 2074 2386 Cratinis
2096 2355 2167 2386 tot.

1302 2408 1399 2439 Maura
1419 2407 1504 2438 Maria
1525 2406 1596 2439 428.

1303 2457 1387 2489 Mauri
1409 2457 1522 2489 tiliorum
1545 2457 1685 2499 praedium
1707 2458 1733 2489 in
1753 2457 1811 2488 loco
1833 2456 1902 2488 dicto
1923 2456 1998 2488 Alitzi
2022 2455 2089 2487 119.

1302 2526 1343 2531 -
1364 2508 1420 2548 (S.)
1441 2516 1507 2550 ager
1528 2508 1554 2538 in
1575 2507 1700 2539 Calabria
1723 2507 1792 2539 139.

1303 2577 1343 2582 -
1364 2557 1564 2598 (nonasterium
1586 2558 1631 2598 S)
1654 2559 1680 2590 iri
1700 2559 1804 2590 civitate
1825 2557 1970 2600 Callipolis,
1994 2557 2028 2589 V.
2052 2558 2166 2589 monast.

1305 2610 1436 2642 ltlauriani
1458 2610 1571 2642 filiorum
1592 2610 1731 2652 praedium
1753 2610 1779 2642 in
1800 2618 1865 2651 agro
1887 2609 2019 2651 Callipolis
2045 2610 2118 2647 523,
2141 2610 2212 2642 525.

1304 2662 1461 2694 lilaurianus
1482 2662 1671 2695 Constantinus
1692 2666 1714 2695 t.
1738 2661 1808 2694 466.

1303 2713 1448 2745 Mauricius
1470 2712 1582 2745 loannes
1603 2710 1757 2744 Catacensis
1778 2713 1908 2744 notarius.
1933 2711 1966 2743 V.
1992 2710 2142 2744 caucium.

1303 2783 1344 2789 -
1365 2765 1478 2797 loannes
1501 2773 1639 2806 possessor
1661 2764 1760 2806 praedii
1782 2765 1807 2795 in
1829 2772 1894 2805 agro
1916 2763 2015 2806 Rhessii
2035 2763 2108 2797 487.

1303 2834 1344 2840 -
1364 2816 1450 2848 Mules
1473 2819 1492 2847 t.
1517 2814 1590 2847 205.

1302 2868 1422 2901 Maurico
1443 2866 1571 2908 (Basilius
1591 2866 1636 2908 de)
1656 2869 1677 2897 t.
1701 2863 1772 2898 425.

280 2904 410 2935 Martinus
425 2913 505 2946 gener
519 2905 680 2941 Constantini
694 2910 835 2943 Domestici
852 2916 878 2944 et
893 2912 994 2946 Donata
1007 2913 1065 2946 eius
1076 2922 1147 2948 uxor
1158 2914 1256 2959 tzv.
1303 2935 1344 2944 -
1365 2917 1503 2959 (Nicolaus
1524 2917 1569 2959 de)
1589 2917 1708 2949 notarius
1730 2915 1801 2948 ato.

324 2957 471 2998 Episcopus
492 2957 651 2994 Tarentinus
672 2962 828 2997 Cinnamus.

1306 2969 1482 3000 lllauricotero
1495 2966 1613 3009 ‚werras
1633 2966 1677 3008 de)
1699 2967 1820 3000 notarius
1841 2965 1914 2999 299.
