2652 3762
0 525 2 536 ,.
0 500 3 511 v
0 482 3 486 -
0 0 9 467 -w-.W1rw—vw-W·W÷-

2184 373 2230 401 xv

297 445 425 486 dentia
454 445 504 485 ob
532 449 659 485 terrae
687 447 813 483 motus
841 442 905 490 qui
935 451 1035 480 anno
1064 439 1373 480 MDCCLXXXIV
1401 440 1616 479 Calabriam
1650 442 1908 482 miserandum
1939 445 1975 483 in
2004 445 2159 484 modum
2189 447 2279 484 ainli-

296 511 463 548 ctarunt.
485 507 647 547 Silentia
674 504 997 555 praetereundum
1026 514 1100 542 non
1128 507 1189 541 est
1214 507 1459 540 monumenta
1479 504 1575 541 baec
1594 503 1712 542 fuisse
1741 505 1878 543 hausta
1907 517 1954 545 ex
1982 517 2029 547 eo
2056 508 2278 558 Tabulario,

296 569 358 608 cui
378 569 527 619 Vargas
547 567 762 607 Macciueea
783 566 912 605 medio
929 565 1012 604 rere
1031 565 1190 604 saeculo
1211 563 1322 602 XVlll
1342 564 1485 602 bellum
1507 565 1795 613 diplomaticum
1815 566 1965 617 indixit,
1986 572 2024 607 et
2043 570 2126 609 eius
2147 574 2278 609 aucto-

296 634 448 673 ritatem
468 644 514 672 ac
533 632 646 671 fldem
674 630 911 670 labefactare
937 640 984 669 ac
1011 629 1237 669 subvertere
1264 632 1426 667 conatus
1453 629 1536 667 suit.
1570 628 1709 667 Verum
1727 639 1775 668 ex
1794 630 1935 679 pugnis
1963 632 2012 670 ab
2032 642 2079 671 eo
2099 634 2280 682 pugnatis

297 696 439 735 factum
465 693 570 733 aliud
598 702 674 732 non
701 696 776 742 est,
806 703 920 741 quam
940 695 983 731 ut
1002 695 1255 730 memoratum
1285 691 1533 728 Tabularium
1560 691 1744 730 maiorem
1764 692 2044 743 celebritatem,
2072 694 2280 734 illustrius-

296 769 371 806 qne
399 766 535 795 nomen
565 758 604 795 et
631 756 752 794 decus
779 756 1090 805 indipisceretur.
1131 753 1223 792 Nam
1257 753 1326 792 viri
1364 753 1698 800 diplomaticarum
1736 766 1864 794 rerum
1898 757 1993 796 satis
2032 757 2179 806 periti,
2218 769 2282 797 cu-

295 818 463 859 iusmodi
491 817 647 857 fuerunt
673 817 888 868 Trombyus
915 817 987 868 (t),
1017 817 1230 855 Francbius
1258 815 1329 865 (2),
1361 820 1400 854 et
1427 818 1646 865 Anonymus
1676 819 1952 859 Cbartusianus
1980 820 2064 870 (3),
2094 825 2278 870 suscepto

293 883 377 921 eius
404 881 620 930 patrocinio
645 911 655 931 ,
684 885 744 921 tot
769 885 810 921 et
835 881 930 920 tanti
958 880 1143 930 ponderis
1179 883 1407 928 argumenta
1442 885 1724 927 congesserunt
1752 882 1788 919 in
1822 883 2086 922 adversarium
2108 913 2119 934 ,
2156 884 2279 923 virum

294 946 543 995 caeteroquin
572 946 873 995 ornatissimum,
903 948 945 984 ut
971 944 1239 994 neapolitanae
1267 943 1404 982 Curiae
1434 944 1599 993 ludices,
1630 945 1677 983 ad
1706 955 1804 993 quos
1833 951 2104 987 controversae
2132 949 2189 988 rei
2218 959 2280 989 co·

293 1008 416 1057 gnitio
444 1008 659 1056 spectavit,
689 1008 901 1057 impetitam
928 1006 1180 1056 diplomatum
1219 1005 1494 1054 ingenuitatem
1523 1006 1600 1044 lata
1629 1007 1818 1062 sententia
1848 1008 2126 1060 confirmarint,
2156 1015 2195 1050 et
2214 1021 2282 1061 po-

293 1069 370 1107 tius
398 1068 550 1108 veritati
578 1078 625 1107 ac
653 1068 822 1107 iustitiae
849 1066 1059 1115 litaverint,
1089 1076 1204 1115 quain
1231 1066 1416 1116 opinioni,
1448 1077 1548 1115 quae
1578 1067 1690 1116 vulgo
1718 1077 1788 1116 per
1816 1078 1861 1107 ea
1890 1072 2064 1118 tempora
2092 1071 2280 1111 adversus

294 1128 530 1170 lllouasticas
559 1129 792 1168 sodalitates
820 1128 1083 1167 increbuerat.

395 1193 542 1232 Graeca
570 1194 668 1232 baec
695 1192 846 1231 cimelia
875 1201 950 1231 non
988 1191 1085 1231 satis
1121 1190 1242 1229 multa
1269 1191 1520 1241 videbantur3
1557 1196 1794 1241 quapropter
1821 1192 1891 1231 viri
1925 1193 2280 1243 praestantissimi,

293 1256 458 1295 Archivo
486 1256 649 1295 subinde
677 1255 904 1305 praepositi,
937 1254 1092 1294 solliciti
1119 1254 1341 1293 fueruntne
1361 1264 1590 1302 graecarum
1624 1256 1930 1294 membranarum
1959 1256 2201 1294 accessione.
2236 1256 2283 1294 Et

293 1330 387 1360 sane
415 1320 529 1359 buius
558 1320 612 1357 rei
643 1319 785 1368 sategit
808 1319 996 1358 Antonius
1025 1318 1236 1368 Spinellins
1264 1328 1285 1356 e
1306 1317 1491 1356 Scalaeae
1520 1318 1761 1367 Principibus
1790 1319 1838 1357 de
1867 1318 2129 1367 Neapolitanis
2163 1319 2284 1358 omni-

292 1382 366 1422 bus
393 1382 569 1421 Areliivis
597 1381 1022 1431 benemerentissimus,
1043 1382 1232 1430 coemptis
1259 1382 1409 1429 aliquot
1437 1383 1590 1430 graecis
1618 1383 1853 1421 membranis
1882 1393 1902 1420 a
1923 1382 2106 1421 Caietano
2134 1383 2282 1422 Graeco

294 1444 436 1482 eximio
457 1443 708 1492 Neapolitano
730 1442 1022 1481 iurisconsulto.
1053 1442 1224 1490 Angelus
1244 1442 1383 1480 deinde
1404 1443 1585 1481 Granitus
1614 1443 1738 1482 Castri
1767 1444 1927 1481 Abbatis
1956 1442 2127 1481 Marcbio
2147 1444 2196 1481 ad
2217 1445 2284 1481 Ar-

295 1504 492 1543 cbivorum
519 1503 804 1542 praefecturam
825 1507 979 1542 evectus
999 1502 1211 1541 velilicatns
1230 1503 1314 1550 ipse
1335 1502 1406 1541 ruit
1424 1504 1703 1551 aliquantulum
1724 1503 1947 1542 Graecitati.
1970 1503 2050 1542 Sub
2079 1505 2152 1542 boc
2173 1503 2284 1542 Prae-

292 1566 395 1606 fecto
416 1566 620 1605 nonnullae
648 1566 894 1604 membranae
922 1565 1094 1603 Graecae
1122 1568 1210 1603 sunt
1238 1566 1403 1604 traditae
1422 1577 1444 1604 a
1465 1566 1653 1605 Mieliaele
1683 1566 1814 1616 Ballio,
1837 1567 2032 1615 quisnam
2061 1567 2162 1605 ultro
2194 1576 2285 1606 con-

296 1629 383 1667 tulit
400 1628 627 1677 symbolam,
649 1637 726 1676 quo
747 1627 867 1666 nostri
896 1627 1050 1665 Archivi
1079 1630 1158 1665 tum
1188 1629 1443 1676 graecanicae
1463 1639 1574 1679 opes,
1604 1634 1684 1668 tum
1712 1630 1811 1668 fama
1832 1635 1871 1669 et
1890 1631 2010 1669 decus
2029 1632 2283 1680 amplificare-

294 1692 370 1727 tur.
393 1688 603 1728 Coenobita
623 1699 712 1728 vero
733 1688 985 1738 Kalepbatus,
1006 1688 1070 1736 qui
1092 1688 1313 1728 Casinensis
1333 1690 1527 1729 Tabularii
1554 1702 1685 1730 curam
1705 1692 1882 1741 gerebat,
1904 1692 2084 1731 Codicem
2108 1693 2285 1742 italo-by-

292 1751 486 1790 zantinum
514 1750 710 1800 pollicitus
737 1751 809 1790 ruit
824 1780 835 1801 ,
865 1751 914 1790 de
942 1761 1019 1800 quo
1039 1755 1168 1790 tamen
1187 1751 1302 1790 fidem
1330 1753 1639 1804 oppigneratam,
1661 1754 1715 1794 uti
1737 1764 1825 1794 mox
1843 1755 1984 1794 dicturi
2013 1765 2158 1805 sumuS,
2182 1757 2284 1794 baud

292 1814 484 1853 liberavit.

397 1875 559 1915 Ventum
587 1878 671 1915 erat
699 1876 746 1914 ad
776 1886 915 1914 annum
947 1876 1185 1926 MDCCCLX‚
1216 1878 1327 1917 euius
1354 1879 1541 1918 memoria
1570 1881 1621 1919 ob
1641 1880 1851 1919 inauditam
1880 1892 2009 1920 rerum
2040 1882 2283 1931 publicarum

294 1939 397 1988 apud
424 1949 495 1979 uos
523 1940 859 1979 commutationem
889 1940 991 1978 nulla
1020 1943 1208 1989 temporis
1237 1941 1490 1981 diuturnitate
1518 1943 1724 1981 delebitur.
1747 1944 1999 1983 Archivorum
2021 1948 2110 1982 tuuc
2132 1944 2282 1983 Praese-

294 2006 402 2041 ctura
422 2002 649 2041 demandata
669 2001 740 2040 fuit
761 2001 968 2040 Francisco
988 2002 1237 2052 Trincberae,
1268 2004 1332 2051 qni
1358 2006 1526 2043 omnium
1555 2006 1709 2054 quidem
1737 2011 2087 2056 monumentorum,
2119 2009 2285 2046 maxime

293 2072 383 2102 vero
411 2071 654 2111 graecorum,
676 2063 748 2100 sibi
778 2062 994 2100 habendam
1023 2072 1110 2101 esse
1148 2064 1335 2102 rationem
1368 2065 1534 2114 statuit,
1573 2076 1697 2114 eaque
1730 2070 1771 2105 ut
1806 2067 1905 2105 lucis
1943 2077 2060 2106 usura
2094 2068 2283 2107 donaren-

293 2126 370 2170 tur,
399 2122 459 2160 vix
486 2122 646 2170 adsequi
676 2122 805 2162 verbis
834 2122 924 2161 licet
951 2127 1093 2170 quanta
1123 2124 1188 2162 ille
1217 2125 1432 2163 constantia
1462 2130 1500 2164 et
1528 2127 1730 2165 alacritate
1758 2127 2058 2167 adlaboraverit.

398 2181 610 2220 Constituta
640 2182 730 2220 olim
763 2182 889 2221 suerat
916 2183 989 2221 sub
1020 2182 1207 2231 Spinellio
1236 2185 1404 2234 desuper
1442 2186 1599 2226 laudato
1633 2188 1822 2236 quaedam
1851 2189 1889 2226 in
1928 2189 2001 2228 boc
2029 2190 2194 2228 Archivo
2223 2200 2283 2229 so-

293 2246 442 2295 cietas,
472 2255 572 2294 quae
605 2246 723 2284 latina
757 2251 1000 2285 monumenta
1034 2248 1249 2286 illustraret
1283 2249 1506 2297 ederetque.
1545 2250 1629 2298 ipsa
1663 2251 1819 2299 quidem
1855 2255 2024 2300 spartam
2061 2253 2284 2291 luliusniodi

293 2308 504 2346 ornandam
533 2307 720 2357 suscepit,
750 2311 789 2346 ct
816 2317 914 2347 anno
943 2308 1200 2347 MDCCCXLV
1219 2309 1256 2347 in
1278 2310 1402 2348 lucem
1432 2311 1561 2350 emisit
1588 2312 1752 2360 primum
1780 2314 1956 2352 volumen
1985 2314 2190 2352 latinarum
2220 2326 2284 2354 an-

292 2373 502 2421 tiquiorum
523 2373 844 2423 membranarum,
866 2374 968 2421 quod
988 2374 1036 2413 ab
1057 2375 1407 2414 eruditissimorum
1428 2377 1623 2416 bominum
1644 2378 1809 2417 comitiis
1829 2379 1875 2417 ad
1896 2379 2060 2429 litteras,
2083 2381 2285 2420 scientias-

294 2444 369 2483 que
386 2434 667 2483 promovendas
683 2433 841 2483 Neapoli
858 2435 994 2474 codem
1011 2436 1265 2483 annolhabitis
1281 2441 1480 2486 exceptum
1494 2449 1566 2477 non
1583 2439 1665 2478 sine
1681 2440 2012 2479 commendatione
2027 2441 2110 2479 fuit.
2139 2442 2282 2481 Eadem

295 2506 411 2546 porro
427 2497 596 2536 societas
611 2496 683 2535 sub
700 2497 948 2536 Archivoram
978 2498 1178 2537 Praefecto
1207 2499 1364 2538 Granito
1392 2505 1549 2539 avocata
1568 2501 1678 2540 abeo
1695 2512 1868 2551 munere,
1890 2497 2032 2540 nullam
2054 2513 2173 2552 prope
2196 2515 2282 2552 par-

295 2562 372 2598 tem
393 2559 526 2598 babuit
545 2558 581 2598 in
600 2559 768 2607 quinque
800 2559 960 2608 reliquis
988 2562 1261 2612 voluminibus,
1291 2573 1390 2611 quae
1419 2574 1488 2612 per
1508 2564 1755 2613 insequentes
1782 2575 1904 2605 annos
1925 2567 1960 2604 in
1982 2567 2176 2615 publicum
2198 2578 2284 2616 pro·

295 2622 498 2661 siluerunt.
520 2622 568 2660 At
586 2621 833 2661 Trincberam
854 2623 1008 2663 minime
1028 2625 1139 2664 latuit
1157 2635 1270 2674 quain
1292 2636 1452 2666 neccsse
1470 2627 1584 2676 soret,
1607 2631 1647 2666 ut
1665 2628 1840 2668 exsoluta
1864 2629 1928 2667 illa
1949 2631 2117 2669 societas
2143 2631 2283 2670 iterum

294 2683 553 2733 coalesceret;
585 2683 767 2732 quocirca
787 2683 1010 2725 Michaelem
1032 2686 1188 2726 Ballium
1209 2698 1324 2738 supra
1346 2694 1611 2740 memoratum,
1630 2695 1668 2730 et
1685 2692 1898 2731 lanuarinm
1921 2693 2130 2741 Seguinuin
2151 2695 2282 2732 lunna-

294 2745 444 2784 niorum
479 2745 694 2784 litterarum
724 2744 985 2786 l‘roiessorem
1014 2749 1215 2788 emeritum
1239 2779 1248 2799 ,
1279 2751 1343 2798 qui
1384 2755 1495 2789 autea
1525 2753 1694 2801 cooptati
1722 2754 1836 2793 ambo
1864 2754 2016 2794 inerant
2043 2756 2079 2793 iu
2110 2767 2193 2794 eam
2224 2766 2283 2795 so-

295 2805 489 2855 cietatem,
510 2805 559 2844 ad
579 2805 739 2855 pristina
753 2804 886 2846 'munia
907 2810 1111 2859 revocavit,
1134 2811 1358 2860 addiditque
1378 2813 1596 2852 Gabrielem
1617 2813 1820 2854 lordanum
1842 2815 2172 2867 l‘alaeograpbiae
2194 2820 2283 2859 Pro-

378 2917 424 2955 (t)
448 2917 594 2956 disposta
617 2918 685 2949 alla
707 2921 857 2951 act-illurn
881 2922 934 2953 dei
956 2931 1024 2953 eac.
1056 2922 1183 2962 l'uryus.

377 2968 424 3007 (2)
447 2967 552 3007 ltisesa
576 2968 662 3009 (Ιοῃιί
683 2971 806 3002 «tilichi
828 2972 963 3012 diplomi
984 2975 1188 3005 normannici
1209 2975 1328 3014 spedus
1349 2985 1369 3007 a
1390 2977 1502 3016 furore
1525 2978 1560 3010 di
1582 2980 1613 3010 S.
1638 2978 1769 3019 Stefana
1792 2980 1844 3011 aee
1867 2981 1980 3014 Bosco.

378 3015 425 3055 (3)
448 3018 592 3057 lusposm
615 3019 648 3050 ul
669 3021 778 3059 cinnor
806 3022 934 3062 t'aryas.
