2560 3646
1201 369 1249 381 —
1269 349 1399 387 582-

289 424 384 457 Cruxa
406 426 459 458 Leo
482 435 505 456 v.
534 425 602 456 181.

288 478 442 518 czfpsanae
464 477 602 518 praedium
625 472 847 514 Aphasauiticum
872 471 940 503 130.

287 529 363 560 Clisti
386 529 498 559 loannes
522 526 591 556 151.

286 578 432 610 cubemus
452 575 674 607 Bartholomaeus
695 581 835 615 possessor
855 573 950 606 vineae
960 573 988 605 in
1005 581 1072 614 agro
1086 571 1270 604 Cataeii4t9.

286 646 328 653 -
350 628 464 658 loannes
486 629 508 657 t.
532 625 603 656 365.

285 676 477 709 Cubicularius
497 675 638 713 ecelesiae,
661 674 889 714 κουβουκλῆσιος,
913 674 966 713 90,
990 674 1060 708 373.
1087 674 1158 706 512.

284 747 326 754 --
348 729 475 760 Nicolaus
496 733 516 760 t.
541 728 614 759 357.

284 779 443 812 Cubuelisio
463 780 561 820 (Gidus
582 784 610 812 et
629 779 722 813 Bonus
743 779 786 820 de)
808 782 840 811 tt.
866 778 938 811 324.

284 831 441 864 Cubuelisis
463 831 580 863 Ioannes
602 834 623 862 t.
648 831 719 862 336.

286 884 462 918 Cubuelisius
483 884 600 916 iniustus
620 891 762 925 possessor
781 882 884 925 praedii
905 882 939 914 ad
962 881 1154 914 monasterium
1170 880 1202 912 S.
1221 880 1270 912 Pe-

325 937 359 968 tri
381 936 536 977 pertinentis
557 935 702 977 nuncupati
724 935 805 966 Muru
825 933 922 965 Vetere
943 931 993 964 22.

283 1006 324 1012 --
346 989 445 1021 Consta
467 990 488 1018 t.
512 986 586 1018 299.

285 1036 387 1069 Cuccia
409 1037 612 1079 (Constantinus
632 1038 677 1078 de)
698 1040 726 1069 et
746 1045 818 1069 uxor
838 1037 897 1068 eius
918 1035 1013 1067 Aluisa
1034 1035 1102 1066 inter
1118 1043 1148 1068 se
1163 1042 1272 1075 permu-

325 1095 384 1121 tant
405 1090 542 1131 praedium
564 1093 592 1121 et
613 1090 723 1121 domum
744 1088 830 1129 posita
852 1088 878 1118 in
898 1095 965 1127 agro
987 1086 1144 1117 Crotonensi
1166 1086 1238 1117 400.

283 1160 326 1166 -
349 1141 463 1172 loannes
483 1148 622 1181 possessor
643 1138 746 1180 praedii
767 1139 795 1170 iu
816 1146 883 1179 agro
904 1136 1030 1168 Crotonis
1051 1136 1124 1168 401.

285 1191 404 1222 Cueotza
424 1190 538 1221 Basilius
560 1192 581 1220 t.
606 1188 679 1219 412.

283 1243 431 1280 naculum,
455 1239 624 1278 Κούκουλον,
649 1239 793 1271 Calabriae
815 1242 899 1271 terra.

366 1292 434 1323 Eius
455 1291 575 1322 domiui:
600 1289 737 1321 unbertus
759 1290 792 1321 de
814 1289 921 1321 Terruu
942 1289 1024 1321 donat
1045 1287 1172 1320 nonnulla
1194 1297 1270 1330 prae-

324 1345 368 1376 dia
390 1342 558 1374 monasteriis
579 1341 611 1372 S.
635 1341 766 1383 Stephani
787 1341 821 1373 de
841 1342 958 1373 Nemore
978 1345 1006 1372 et
1026 1340 1057 1372 S.
1083 1340 1190 1372 loannis
1205 1340 1271 1370 Ere-

322 1396 450 1427 mitarum
472 1394 542 1432 198,
566 1393 754 1426 ‘zoi—Maria
776 1393 914 1424 confirmat
934 1393 1026 1424 loanni
1054 1392 1137 1424 Baieo
1165 1401 1271 1433 posses-

323 1448 425 1480 sionem
446 1446 572 1489 praedioli
594 1446 673 1487 positi
693 1445 728 1477 ad
749 1445 850 1477 llumen
871 1445 943 1477 325.

364 1497 543 1530 Granatarius
564 1498 687 1537 argyrus
709 1495 781 1527 326.

365 1549 430 1580 Loci
450 1557 556 1580 nomen:
580 1548 725 1589 Agapitum
747 1547 818 1578 179.

362 1599 555 1630 nonasterium
576 1598 608 1630 S.
632 1598 739 1629 loannis
762 1598 833 1636 179,
860 1597 931 1635 198,
955 1597 1028 1636 201,
1053 1598 1124 1630 325.

365 1649 480 1681 Notarii:
504 1647 698 1681 Constantinus
719 1647 792 1686 326,
816 1647 916 1679 Petrus
939 1647 1011 1678 199.

363 1701 492 1732 Praedia:
518 1700 592 1732 Balei
613 1699 687 1738 325,
709 1699 823 1731 melleae
847 1699 919 1738 198,
944 1698 1119 1731 Protoearabi
1146 1699 1216 1738 198,
1239 1699 1269 1732 S.

324 1752 456 1793 Stephani
480 1751 551 1789 179,
577 1751 648 1783 198.

367 1804 513 1846 Strategus
534 1803 650 1835 Basilius
671 1803 705 1834 de
725 1802 853 1844 Magistro
875 1801 948 1835 326.

286 1854 451 1895 Cucubagas
473 1853 589 1886 loannes
610 1863 637 1885 v.
660 1852 734 1885 559.

284 1904 440 1936 Cusulisani
461 1904 585 1945 Gregorii
606 1906 680 1934 terra
702 1903 729 1934 iu
749 1902 877 1935 Calabria
897 1903 971 1935 200.

282 1956 436 1988 Cucullitae
456 1954 616 1996 Chrysaphii
636 1955 776 1996 praedium
798 1955 825 1986 iu
847 1963 913 1997 agro
933 1954 1055 1996 Scyllacii
1077 1955 1150 1988 474.

284 2006 397 2037 Cucune
419 2007 534 2037 loannes
555 2010 578 2036 t.
602 2005 676 2037 475.

284 2058 423 2089 Cucutzus
442 2056 497 2088 Leo
519 2060 540 2088 t.
565 2056 637 2088 234.

288 2109 443 2141 Cuducines
464 2109 580 2141 Basilius
601 2119 629 2140 v.
654 2108 726 2140 559.

286 2161 355 2192 Culo
377 2160 493 2191 Basilius
515 2170 539 2191 v.
567 2161 619 2192 77.

284 2210 414 2242 Cullurae
435 2209 532 2241 Leonis
553 2210 690 2251 praedium
711 2218 792 2251 prope
813 2209 965 2251 Cagianum
990 2212 1058 2243 118.

285 2262 454 2294 Culluriatus
475 2262 604 2293 Nicolaus
625 2271 650 2292 v.
677 2260 748 2292 559.

285 2313 419 2343 Culluruli
442 2312 561 2343 Pancalli
582 2312 690 2353 praedia
711 2312 738 2343 in
760 2320 828 2353 agro
849 2312 934 2343 Aetas
957 2312 1028 2344 546.

285 2364 424 2395 Cultzestri
447 2363 559 2395 villanus
581 2363 719 2404 presbyter
739 2362 793 2394 Leo
814 2363 952 2395 deTorto
974 2365 1046 2395 558.

291 2412 428 2444 Culumba
449 2413 576 2453 (Basilius
597 2413 631 2445 de
652 2414 769 2454 domina)
790 2417 810 2445 t.
837 2413 887 2444 72.

290 2482 331 2487 -
352 2465 510 2505 (Gregorius
530 2465 575 2505 de)
597 2474 621 2495 v.
649 2465 718 2496 185.
763 2479 765 2481 ·

287 2515 440 2546 Columbus
461 2507 617 2547 Guaiaeuus
638 2519 659 2546 ι.
689 2515 757 2546 111.

289 2568 439 2599 Culumites
459 2577 487 2598 n.
514 2567 532 2598 l.
557 2569 583 2598 in
603 2567 738 2599 territorio
760 2568 847 2599 Acrae
869 2568 942 2599 280.

288 2617 427 2658 Culupatzi
448 2617 587 2657 praedium
609 2618 681 2649 544.

288 2669 508 2700 Culutzestrenae
529 2669 637 2701 cultura
659 2670 686 2700 in
706 2669 834 2701 Calabria
855 2670 928 2701 555.
1163 2705 1165 2707 ,

287 2720 470 2751 Cumereenae
491 2720 591 2752 Mariae
611 2721 721 2762 praedia
743 2722 770 2751 in
791 2729 858 2762 agro
880 2720 980 2753 Burelli
1002 2722 1076 2759 417,
1099 2722 1170 2754 418.

290 2770 572 2852 ίῑυωετοὲέξὶοοίαυε
593 2771 636 2812 de)
657 2772 798 2814 presbyter
819 2772 971 2805 tabularius
1004 2773 1133 2815 Episcopii
1166 2775 1273 2807 Nicote-

332 2828 379 2850 rae
465 2845 471 2852 .

292 2870 441 2902 Cumercus
462 2872 682 2906 Bartholomaeus
703 2878 723 2906 t.
749 2875 821 2907 390.

294 2921 426 2952 Cuminus
447 2920 573 2957 Nicolaus
594 2927 614 2955 t.
640 2924 711 2957 192.

293 2971 399 3003 Cumno
420 2971 598 3013 (Nicephorus
618 2974 662 3016 de)
683 2979 704 3007 t.
731 2973 800 3008 132.

1317 416 1484 459 Cumpannia
1505 418 1678 460 Cappellerus
1699 417 1771 451 402.

1318 469 1489 510 Cuncipretta
1510 470 1644 512 Rogerius
1667 470 1735 502 121.

1317 518 1485 560 Cuningares
1507 521 1620 552 loannes
1643 526 1662 552 t.
1688 521 1759 552 223.

1317 568 1439 602 Cunnelli
1462 570 1557 603 Leonis
1578 573 1717 614 praedium
1737 573 1763 604 ir.
1785 581 1852 615 agro
1872 571 1980 605 Briatiei
2003 571 2076 605 447.

1317 624 1456 656 Cunnutes
1477 625 1591 655 Ioannes
1612 629 1633 656 t.
1657 625 1729 656 226.

1316 673 1437 707 Cunsulo
1458 674 1525 716 (Leo
1546 677 1590 717 de)
1612 686 1637 707 v.
1665 677 1735 709 185.

1315 727 1494 759 Cuntzaterus
1517 728 1669 759 Adeodatus
1691 728 1761 759 filius
1782 729 1857 760 Petri
1877 731 1897 760 t.
1922 728 1994 761 339.

1316 777 1431 820 Cuparis
1452 780 1569 811 Basilius
1592 790 1618 810 v.
1644 780 1716 810 329.

1315 829 1465 871 Cupersani
1486 831 1583 862 casalis
1605 831 1702 862 mentio
1723 831 1853 862 3—Eius
1873 831 2002 864 diaeonus
2022 835 2050 864 et
2071 831 2192 865 notarius
2204 830 2297 863 Erme-

1356 889 1458 912 causus
1480 881 1627 912 tl—Terra
1649 881 1734 913 Ferae
1756 881 1821 913 ibid.

1317 931 1466 973 Κουπέρτα
1487 932 1548 963 356
1565 956 1573 970 ,
1599 931 1809 973 Κουπερτοῦριν,
1834 936 1954 974 coperia,
1967 933 2039 972 428,
2055 932 2240 976 Κουπιρτοῦρι
2255 938 2298 964 λι·

1354 981 1541 1020 νουαίμμακον,
1564 982 1635 1014 lodix
1657 982 1725 1014 linea
1746 983 1862 1025 gossipio
1883 984 1992 1021 intarta,
2017 983 2090 1016 519.

1315 1035 1388 1066 Cura
1408 1034 1599 1066 Constantinus
1621 1038 1641 1065 t.
1668 1035 1718 1066 96.

1315 1084 1416 1116 Curadi
1439 1084 1537 1116 Leonis
1558 1084 1652 1116 domus
1674 1086 1701 1117 in
1721 1085 1826 1117 civitate
1847 1085 2003 1118 Seminarae
2024 1085 2097 1118 392.

1316 1138 1437 1169 Curatur
1459 1137 1572 1168 loannes
1593 1141 1614 1168 t.
1642 1137 1713 1176 145,
1736 1136 1807 1169 336.

1314 1204 1355 1210 -
1376 1186 1516 1228 Philippus
1537 1190 1559 1218 t.
1583 1187 1656 1219 219.

1316 1237 1447 1270 Curatore
1468 1239 1566 1279 (Ursus
1587 1239 1632 1280 de)
1653 1242 1674 1271 t.
1702 1239 1771 1272 13-1.

1315 1288 1462 1322 Curatores
1483 1289 1535 1321 66.

1315 1339 1482 1371 Curbulinus
1502 1340 1585 1372 donat
1605 1341 1766 1372 monasterio
1780 1340 1813 1372 S.
1827 1341 1955 1383 Stephani
1970 1342 2152 1375 Eremitarum
2166 1343 2301 1386 quaedam

1355 1390 1464 1431 praedia
1478 1391 1504 1421 iu
1518 1398 1585 1431 agro
1606 1389 1762 1422 crotonensi
1781 1390 1854 1429 206,
1869 1391 2069 1424 207-Μοιιιίο
2082 1393 2202 1426 eiusdem
2222 1393 2296 1432 209,

1355 1441 1430 1474 210.

1314 1511 1356 1516 -
1377 1492 1550 1525 Caballarius
1572 1493 1643 1526 211.

1316 1546 1463 1578 Curcusius
1478 1547 1592 1577 Ioannes
1606 1546 1727 1578 notarius
1741 1545 1903 1577 Tarentinus
1917 1545 1969 1584 32,
1985 1545 2039 1581 42,
2054 1545 2106 1584 43,
2123 1546 2176 1584 45,
2192 1546 2298 1585 49,52.

1314 1617 1356 1623 —-
1376 1599 1496 1630 notarius
1518 1598 1589 1630 filius
1611 1598 1718 1629 loannis
1740 1597 1812 1635 179,
1839 1597 1911 1630 187.
1973 1608 1976 1609 ’

1316 1650 1442 1682 Cursaris
1464 1649 1617 1681 Alexander
1639 1650 1710 1681 lilius
1732 1649 1855 1682 Gulielmi
1878 1653 1898 1681 t.
1922 1649 1995 1688 305,
2019 1649 2092 1682 320.

1316 1702 1422 1734 Cursus
1444 1702 1578 1743 leporum,
1600 1698 1799 1741 λαγοδρόμιον,
1822 1709 1850 1732 n.
1874 1701 1894 1732 l.
1918 1701 1990 1742 apud
2010 1699 2162 1734 Rusianum
2183 1700 2235 1733 64.

1315 1753 1423 1784 Curtice
1443 1756 1586 1793 protopapa
1609 1751 1760 1782 tabularius
1780 1751 1888 1782 Tarenti
1912 1752 1942 1789 7,
1965 1752 1996 1783 8.

1316 1805 1458 1837 Curtzalea
1479 1804 1608 1844 (Ioannes
1629 1807 1656 1834 et
1677 1802 1866 1834 Constantinus
1887 1803 1932 1844 de)
1952 1806 1986 1834 tt.
2009 1804 2060 1835 34.

1316 1854 1493 1888 Curtz'ecellae
1514 1854 1610 1886 Leonis
1631 1854 1770 1894 praedium
1790 1853 1862 1884 292.

1315 1908 1500 1940 Curtzitzellus
1521 1915 1550 1939 n.
1574 1907 1593 1938 l.
1619 1907 1645 1937 in
1666 1914 1731 1946 agro
1754 1904 1875 1937 Circlarii
1895 1905 1968 1938 302.

1316 1960 1458 1991 Cuscunes
1480 1956 1607 1989 Nicolaus
1627 1959 1649 1987 t.
1675 1955 1747 1987 359.

1316 2009 1446 2041 Cusentia
1467 2007 1593 2049 (loannes
1614 2007 1658 2047 de)
1679 2010 1701 2038 t.
1725 2007 1798 2038 418.

1316 2079 1358 2085 -
1380 2060 1518 2100 (Nil-,olaus
1539 2060 1583 2100 de)
1605 2059 1688 2090 iudex
1710 2057 1831 2098 Scyllaei}
1854 2062 1874 2089 t.
1898 2057 1971 2095 407,
1996 2058 2067 2095 -lto,
2092 2057 2162 2090 438.

1316 2131 1356 2136 -
1378 2112 1521 2153 (Rogurius
1542 2112 1587 2151 de)
1608 2114 1630 2142 t.
1655 2111 1726 2142 430.

1316 2164 1463 2196 Cusentinu
1484 2162 1643 2202 (Gulielmus
1662 2162 1707 2203 de)
1728 2162 1800 2193 252.

1317 2216 1453 2247 Cusentini
1474 2214 1610 2255 (Gulielmi
1631 2214 1664 2244 de
1685 2213 1714 2254 li)
1735 2213 1873 2254 praedium
1896 2213 1922 2244 in
1944 2221 2010 2254 agro
2034 2212 2139 2244 Olettae
2161 2212 2233 2244 274.

1316 2267 1478 2298 Cusenliuus
1499 2265 1612 2296 Ioannes
1632 2268 1659 2295 et
1680 2264 1723 2295 alii
1745 2273 1786 2295 vv.
1812 2264 1882 2294 183.

1317 2336 1356 2341 —-
1378 2317 1506 2349 Nicolaus
1526 2317 1672 2347 vicecomes
1696 2314 1766 2352 119,
1792 2314 1864 2350 120,
1888 2317 1908 2344 t.
1933 2313 2005 2344 369.

1317 2387 1357 2392 ——-
1381 2368 1466 2399 Ursus
1487 2371 1508 2398 t.
1533 2366 1585 2404 84,
1608 2373 1746 2407 possessor
1767 2364 1877 2406 praedii·
1892 2364 1961 2396 -1-19.

1317 2418 1417 2450 Custos
1438 2417 1561 2448 civitatis.
1588 2416 1620 2446 V.
1646 2414 1840 2446 Lociservalor.

1317 2466 1419 2499 Cuttufi
1441 2475 1469 2498 n.
1493 2465 1513 2498 Ι.
1537 2466 1563 2495 in
1585 2473 1650 2506 agro
1671 2464 1702 2495 S.
1728 2464 1871 2495 Severinae
1893 2462 1963 2494 373.

1317 2517 1465 2550 Culrubelli
1489 2516 1576 2558 platea
1597 2516 1624 2546 in
1644 2511 1748 2546 civitate
1769 2513 1903 2555 Callipolis
1924 2513 1993 2545 520.

1319 2569 1496 2611 Κυβερνῆτης
1517 2568 1567 2597 τοῦ
1588 2565 1781 2607 μοναστῆριόῠ,
1806 2565 1982 2606 gubernator,
2007 2566 2186 2607 praepositus,
2213 2566 2262 2597 15.

1317 2620 1469 2662 Cybertioto
1490 2619 1600 2659 (Petrus
1620 2618 1664 2656 de)
1687 2621 1707 2649 t.
1733 2616 1803 2652 120,

1318 2669 1460 2709 Κυλάδον,
1485 2671 1570 2707 vallis,
1595 2669 1666 2701 225.

1317 2723 1417 2763 Cyllius
1439 2722 1538 2754 Iosl'res
1559 2724 1579 2752 t.
1604 2721 1677 2752 520.

1315 2773 1424 2814 Cyninia
1445 2771 1564 2804 Thomas
1585 2771 1672 2803 vendit
1691 2771 1795 2803 notario
1810 2770 1895 2802 Paulo
1909 2770 2020 2802 Fitzurri
2036 2771 2176 2812 praedium
2192 2771 2218 2802 in
2233 2779 2300 2813 agro

1356 2824 1440 2854 Aetae
1461 2822 1532 2854 430.

1317 2873 1534 2916 Cynoealosserus
1555 2873 1682 2906 Nicotaus
1702 2877 1730 2906 et
1749 2872 1914 2914 Nicephorius
1935 2882 1976 2904 vv.
2001 2872 2073 2905 558.

1317 2925 1437 2968 Cynurgi
1459 2926 1597 2968 praedium
1618 2926 1644 2957 in
1665 2933 1731 2966 agro
1753 2926 1836 2956 Aetas
1857 2924 1930 2956 515.

1316 2976 1414 3017 Cynuri
1436 2977 1579 3011 Calominis
1600 2976 1738 3018 praedium
1759 2976 1786 3007 iu
1807 2983 1873 3016 agro
1895 2975 1978 3007 Aetas
1999 2975 2069 3008 545.
