2560 3646
1162 331 1357 368 —612—

264 405 356 437 Phoca
375 404 541 445 Nicephorus
564 412 588 434 v.
613 402 687 441 279,
712 401 783 434 3ῦο.

263 456 388 487 Phonioci
408 454 503 487 domus
524 453 550 485 in
572 452 700 485 Calabria
721 453 794 485 295.

262 507 362 538 Photae
383 505 492 549 praedia
512 505 538 536 in
560 513 626 547 agro
648 505 742 537 Ursuli
763 504 833 537 149.

261 556 376 587 Pliotino
396 555 499 596 (Bonus
520 554 574 597 de).
598 555 635 587 V.
657 553 853 596 Chrysanthus,
875 553 980 587 Sardus
1001 558 1052 587 etc.

258 625 299 630 —
319 607 464 648 (Arcadius
483 606 527 648 de)
548 605 621 639 356.
983 613 985 615 ·

260 658 391 690 Photinus
412 658 540 690 Pantaleo
562 662 583 691 t.
608 658 680 691 520.

257 709 361 741 Pholus
381 710 522 751 presbyter
543 714 570 742 et
591 709 744 742 tabularius
765 709 888 741 Crotonis
909 709 981 741 207.

258 760 408 803 Physaptus
429 761 558 793 Nicolaus
579 764 606 794 et
626 760 727 794 Consta
747 770 916 803 possessores
948 761 1120 803 praediorum
1141 760 1168 791 in
1189 757 1239 790 Ca-

297 811 384 843 labria
405 812 554 846 297-301.

259 862 397 904 Phyzateri
418 862 554 895 exarchus
575 863 695 895 notarius
714 865 742 894 et
762 862 914 895 tabularius
935 860 1070 903 Callipolis
1092 859 1165 893 528.

258 913 371 945 Picceno
392 912 519 953 (loannes
537 913 581 954 de)
602 913 673 945 tilius
699 912 885 954 christophori
904 911 996 944 ,donat
1025 910 1187 942 monasterio
1208 909 1237 941 S.

298 965 423 997 Andreae
443 964 575 1007 quaedam
594 965 704 1007 praedia
723 965 811 1006 posita
830 963 865 995 ad
887 963 919 994 S.
943 962 1122 995 Paraseevem
1145 962 1217 994 137.

257 1017 374 1049 Piccilus
394 1018 523 1051 Nicolaus
543 1021 565 1049 t.
591 1017 664 1054 466,
686 1017 759 1048 480.

260 1068 392 1100 Pieernus
414 1068 457 1100 vel
469 1068 581 1100 Pitzinni
602 1066 731 1098 Nicolaus
752 1064 922 1097 castellanus
943 1064 1031 1096 Casti-i
1047 1064 1152 1096 Veteris
1167 1063 1238 1095 399.

257 1118 330 1149 Picia
351 1118 494 1149 Barsacius
515 1118 627 1158 eiusque
649 1117 720 1148 iilius
740 1115 900 1147 Theodorus
932 1115 1048 1147 vendunt
1068 1115 1180 1147 Nicolao
1210 1115 1232 1146 d·

297 1168 388 1200 Conde
410 1169 514 1199 vineam
534 1169 562 1199 in
584 1176 651 1209 agro
672 1168 818 1200 Nicoterae
836 1167 909 1200 284.

256 1219 349 1251 Pidete
370 1219 484 1251 Ioannes
504 1223 525 1250 t.
552 1219 624 1257 135,
649 1218 720 1251 136.

257 1272 459 1313 pignerationes
480 1271 554 1309 251,
578 1272 650 1304 318.

256 1322 341 1354 Pililis
361 1321 416 1353 Leo
439 1326 459 1353 t.
483 1322 555 1354 412.

256 1372 401 1404 Pilliceiani
422 1371 494 1404 bona
515 1372 667 1405 adiudicata
689 1381 705 1404 a
727 1372 830 1405 comite
851 1374 966 1414 lingerio
989 1373 1141 1404 Theonotae
1169 1373 1239 1406 Gan—

297 1425 375 1457 nadei
395 1425 466 1457 filiae
489 1425 559 1456 152.

256 1475 419 1516 Piloplastus
440 1475 548 1506 Marcus
569 1475 641 1513 421,
666 1475 739 1507 423.

257 1524 341 1555 Pinna
362 1532 500 1565 possessor
521 1524 621 1566 praedii
643 1525 714 1557 541.

257 1575 427 1606 Pinniaterus
450 1575 508 1606 Elia
530 1579 558 1607 et
577 1575 621 1607 alii
644 1586 686 1608 w.
714 1576 783 1608 183.

255 1624 337 1658 Pintu
358 1624 471 1657 loannes
492 1629 514 1657 t.
537 1625 612 1658 352.
641 1644 643 1646 -

257 1676 441 1709 Pioneeialdus
461 1677 596 1719 Rogerius
616 1681 637 1709 t.
662 1677 733 1710 315.

256 1727 350 1768 Pipino
371 1728 498 1767 (Ioannes
519 1729 563 1769 de)
585 1733 605 1760 t.
630 1729 701 1766 118,
727 1729 796 1766 119,
825 1729 892 1766 134,
921 1729 987 1761 136.

256 1779 393 1810 Pirriacus
415 1779 549 1821 Georgius
569 1783 590 1811 t.
617 1779 687 1810 163.

260 1828 374 1861 Pisanus
396 1828 579 1860 Abdelmiaicli
602 1833 622 1860 t.
647 1828 719 1860 288.

261 1880 368 1911 Piseara
384 1879 416 1910 S.
441 1879 576 1911 Benedicti
599 1880 625 1910 in
646 1879 754 1912 flumine
776 1879 859 1910 Lauri
884 1879 933 1916 11,
961 1880 1010 1910 14.

260 1929 428 1970 Piseialupus
450 1928 587 1961 Robertus
609 1933 630 1960 t.
656 1929 726 1961 122.

261 1979 421 2020 Piscopium.
446 1979 480 2011 V.
507 1979 687 2020 Episcopium.

260 2030 375 2062 Pissiuni
398 2029 619 2061 Bartholomaeus
641 2038 778 2071 possessor
799 2030 899 2071 praedii
921 2031 947 2061 in
969 2038 1034 2071 agro
1064 2029 1242 2062 Acherontiae

300 2082 374 2120 357,
396 2081 468 2113 358.

261 2132 421 2164 Pistillariae
441 2131 516 2163 collis
535 2132 563 2161 in
583 2130 709 2162 Calabria
730 2131 803 2162 472.

262 2182 383 2214 Pithicus
404 2181 491 2212 Ursus
514 2181 584 2213 151.

260 2233 356 2264 Pittari
376 2232 499 2273 aporiam
522 2231 548 2261 in
568 2238 633 2271 agro
655 2232 739 2262 Aetne
759 2230 831 2262 545.

260 2282 351 2314 Pitum
373 2282 517 2322 (ueni-icus
537 2281 583 2322 de)
605 2286 625 2313 t.
650 2281 722 2313 234.

260 2331 376 2363 Pitunus
397 2331 521 2362 Andreas
542 2336 570 2362 et
590 2331 635 2362 alii
657 2330 728 2362 483.
753 2331 786 2362 V.
810 2331 919 2372 Aquaro
940 2331 1080 2371 (Nicolaus
1100 2332 1156 2372 de).

259 2398 301 2404 -
322 2380 460 2412 Iostredns
480 2384 502 2411 t.
527 2379 600 2417 329,
623 2379 695 2412 334.

261 2431 335 2463 Pitza
357 2431 423 2470 (Leo
444 2431 488 2472 de)
510 2432 581 2464 iilius
603 2433 710 2463 loannis
730 2437 750 2463 t.
775 2433 826 2464 39.

261 2502 302 2507 —-
324 2484 469 2524 (Panealus
490 2485 535 2523 de)
555 2489 576 2515 t.
601 2485 653 2515 96.

260 2551 300 2557 --
322 2533 443 2574 Thyrsus
464 2538 486 2565 t.
514 2534 583 2572 165,
613 2535 679 2565 167.

263 2583 372 2615 Pitzella
395 2584 486 2616 vitalis
509 2584 596 2616 vendit
616 2585 753 2626 praedium
776 2586 850 2618 Bono
872 2586 988 2618 Bonadie
1012 2588 1087 2619 212.

265 2635 409 2666 Pitzileone
431 2636 593 2676 (Arsaphius
615 2637 660 2676 de)
682 2636 837 2668 vicecomes
859 2637 1010 2669 Colubrarii
1039 2638 1104 2669 123.

265 2687 383 2718 Pitzutus
405 2687 551 2718 Damianus
572 2693 592 2719 t.
619 2687 692 2719 263.

264 2737 328 2768 Pius
351 2739 442 2770 vitalis
463 2744 485 2771 t.
508 2739 580 2771 315.

264 2787 362 2819 Plaeae
384 2789 440 2820 sons
461 2790 487 2819 in
509 2798 574 2829 agro
595 2789 689 2821 Nohac
714 2791 763 2822 75.

267 2839 368 2874 Placidi
389 2848 474 2881 pagus
496 2842 521 2871 in
542 2840 670 2874 Calabria
691 2842 762 2875 467.

266 2890 392 2922 Placidus
415 2891 526 2925 loannes
547 2903 573 2924 v.
598 2894 648 2926 85.

265 2958 306 2966 -—
328 2941 467 2974 Pasebalis
488 2944 601 2983 praelat.
625 2944 700 2977 Xlx.

1289 404 1431 436 Placitum.
1456 402 1566 436 solvere
1587 403 1686 447 aliquid
1708 406 1734 436 in
1755 403 1839 436 Curia
1863 412 1911 445 pru
1933 404 2028 446 placito
2049 404 2102 437 22.

1289 453 1404 494 Πλᾰγα
1426 454 1467 486 vel
1487 453 1619 494 πλαγία,
1642 455 1775 497 planities,
1799 453 1996 496 eampus152,
2016 454 2087 492 173,
2103 454 2176 494 201,
2192 456 2264 490 326.

1288 504 1477 544 Πλαγιοῦνια,
1500 505 1620 545 tabulae,
1643 507 1717 539 325.

1287 554 1457 596 Plagitzanns
1478 556 1604 588 Nic-,olaus
1624 559 1645 590 t.
1673 557 1748 590 209.

1287 605 1397 637 Planitie
1418 605 1460 647 (S.
1483 607 1568 639 Maria
1589 608 1633 649 de)
1655 610 1682 640 in
1702 618 1768 649 agro
1790 613 1877 640 antae
1897 609 1970 640 441.

1287 655 1409 686 Planities
1430 656 1592 699 Archangeli
1614 659 1641 690 in
1662 658 1789 691 Calabria
1811 659 1883 690 296.

1287 705 1410 738 Plastara
1431 708 1544 739 Arcadis
1565 712 1593 740 et
1614 710 1773 741 Theodorus
1794 719 1837 741 vv.
1864 710 1913 741 78.
1994 749 1998 752 ,

1286 774 1326 779 —-
1347 755 1568 790 Bartholomaeus
1588 763 1615 790 et
1636 759 1690 791 Leo
1711 760 1814 791 iuzlices
1833 759 1963 791 Badulati·
1978 759 2039 791 439
2054 784 2062 797 ,
2084 759 2147 792 440
2164 783 2172 797 ,
2196 757 2271 798 464,

1326 797 1408 844 eoos
1423 807 1497 845 478,
1519 807 1592 845 480,
1614 808 1687 846 488,
1709 808 1783 840 490.
1821 812 1824 815 ·

1285 875 1327 881 —
1347 858 1479 899 Georgius
1499 867 1639 900 possessor
1658 860 1759 901 praedii
1780 860 1807 890 in
1828 867 1895 900 agro
1917 858 2040 890 Badulati
2062 858 2135 891 381.

1284 927 1326 932 —
1346 909 1402 941 Leo
1423 910 1545 942 notanus
1566 910 1690 942 Badulati
1713 910 1784 943 558.

1285 980 1327 986 —
1348 962 1476 994 Nicolaus
1497 965 1518 993 t.
1544 962 1615 1000 165,
1642 963 1714 994 167.

1287 1012 1429 1044 Plastarus
1452 1012 1588 1045 ssebertus
1611 1018 1631 1045 t.
1655 1013 1728 1045 221.

1287 1064 1400 1096 Platane
1421 1064 1591 1105 (Theodorus
1612 1065 1658 1106 de)
1679 1064 1829 1097 tabularius
1853 1066 1972 1098 Bebalini
1992 1065 2066 1098 343.

1287 1116 1391 1155 Platea,
1414 1117 1557 1154 πλατεῖα,
1578 1116 1701 1148 Badulati
1723 1116 1797 1150 220.

1287 1167 1463 1199 plateaticum
1484 1166 1616 1199 tributum
1637 1167 1690 1206 21,
1713 1168 1839 1209 πλάτζα
1863 1169 1914 1200 33.

1287 1217 1422 1259 Platogeni
1445 1218 1560 1249 Ioannes
1580 1228 1608 1250 v.
1630 1219 1682 1250 85.

1287 1268 1450 1310 Platopodns
1470 1268 1586 1299 Basilius
1606 1273 1632 1299 et
1656 1269 1769 1300 loannes
1791 1279 1831 1300 vv.
1858 1270 1927 1301 183.

1286 1319 1448 1360 Platopodus
1469 1319 1603 1360 Georgius
1624 1319 1695 1350 351.

1285 1370 1429 1412 Πλάτζα,
1454 1370 1637 1411 plateaticum,
1659 1371 1712 1403 33.

1285 1420 1485 1461 Πλάτζαριος,
1509 1421 1652 1462 plazarius,
1675 1421 1748 1453 329.

1285 1473 1448 1504 Platzarrius
1468 1471 1597 1504 Lentinus
1618 1482 1757 1514 possessor
1773 1473 1871 1514 praedii
1887 1475 1911 1505 in
1926 1482 1994 1515 agro
2008 1475 2177 1517 Baryeliallae
2192 1477 2265 1509 283.

1286 1521 1442 1562 Πλεμικὸν,
1465 1524 1654 1561 communitas,
1678 1524 1749 1555 550.

1285 1572 1394 1611 Πλεῖω,
1417 1575 1606 1612 communitas,
1631 1574 1702 1605 558.

1284 1621 1431 1661 Πλοοίμοι,
1455 1628 1564 1661 nautae,
1588 1625 1638 1655 87.

1285 1675 1467 1707 Plumbariola
1489 1675 1531 1716 (S.
1557 1676 1641 1707 Maria
1662 1676 1707 1717 de)
1729 1677 1759 1709 2.
1784 1677 1817 1709 V.
1842 1677 2045 1710 Monasterium.

1285 1723 1450 1762 nubem-m,
1474 1725 1575 1766 populi,
1603 1725 1670 1756 121.

1286 1775 1382 1806 Plutini
1404 1776 1480 1807 vinea
1502 1776 1529 1807 in
1551 1784 1616 1817 agro
1637 1776 1791 1808 Seminarae
1813 1777 1884 1808 392.

1284 1824 1464 1865 Πηὸοβούνον,
1488 1828 1590 1858 radices
1613 1828 1697 1865 collis,
1725 1829 1792 1859 llo.

1284 1873 1437 1912 Πόδωμαν,
1461 1877 1567 1907 inferior
1589 1886 1663 1918 pars,
1690 1877 1759 1908 112.

1285 1926 1373 1958 Poena
1396 1928 1488 1960 mortis
1507 1928 1605 1959 indicta
1628 1929 1658 1959 iis
1679 1930 1724 1970 qni
1748 1929 1897 1967 casinensi,
1925 1931 1973 1967 18,
1997 1931 2036 1961 vel
2057 1930 2088 1961 S.
2115 1930 2187 1962 Petri
2204 1939 2267 1962 coe»

1325 1977 1405 2010 nobio
1426 1978 1475 2015 66,
1501 1979 1648 2010 molestiam
1671 1980 1808 2011 afferrent.

1285 2029 1385 2061 Polemi
1406 2031 1545 2072 praedium
1565 2031 1591 2062 in
1612 2039 1680 2072 agro
1700 2031 1855 2063 Seminarae
1877 2032 1949 2070 402,
1972 2034 2044 2064 404.

1286 2079 1438 2118 Πολίχνη,
1461 2081 1598 2122 oppidum,
1623 2082 1695 2113 147.

1286 2131 1416 2163 Polistina
1436 2141 1465 2164 n.
1489 2132 1508 2164 l.
1532 2133 1559 2164 in
1580 2132 1706 2165 Calabria
1727 2134 1798 2165 467.

1286 2182 1371 2214 Polita
1394 2183 1556 2224 Peregrinus
1578 2185 1699 2215 notarius
1721 2185 1856 2226 Callipolis
1879 2186 1951 2217 521.

1285 2252 1327 2259 --—
1348 2235 1446 2266 Petrus
1468 2239 1489 2265 t.
1518 2235 1588 2266 ¹25.

1285 2303 1326 2309 —
1348 2285 1509 2325 Selgius'v.
1536 2286 1605 2316 184.

1287 2335 1389 2366 Politus
1411 2330 1534 2373 loannes,
1557 2335 1684 2367 Nicolaus
1705 2340 1732 2366 et
1747 2335 1832 2367 Ursus
1846 2337 1942 2368 fratres
1956 2337 2054 2369 donant
2068 2339 2205 2379 praedium
2220 2348 2267 2370 ec·

1327 2385 1425 2417 clesiae
1445 2385 1476 2416 S.
1500 2385 1602 2415 Mariae
1623 2386 1657 2416 de
1679 2384 1779 2417 Cabria
1801 2386 1871 2417 280.

1288 2437 1362 2468 Polla
1385 2437 1494 2470 {Petrus
1515 2436 1559 2476 de)
1584 2437 1654 2467 151.

1287 2507 1328 2514 -
1350 2488 1518 2529 (llic-cantus,
1544 2488 1658 2520 loannes
1679 2492 1705 2519 et
1728 2488 1845 2527 Donatus
1860 2489 1903 2528 de)
1919 2497 2085 2529 possessores
2100 2491 2269 2530 praediorum

1329 2541 1355 2570 in
1377 2548 1443 2580 agro
1465 2539 1624 2580 cyr-Zosimi
1648 2540 1718 2571 310.

1289 2610 1328 2614 —
1351 2591 1498 2631 (ssebertus
1519 2591 1562 2630 de)
1584 2595 1604 2621 t.
1630 2590 1701 2623 274.

1291 2642 1364 2673 Pelle
1384 2641 1509 2681 (loannes
1532 2642 1575 2681 de)
1599 2645 1619 2672 t.
1646 2641 1696 2671 Οὔ.

1291 2693 1392 2726 Polluci
1414 2693 1455 2733 (S.
1482 2694 1594 2725 loannes
1615 2694 1648 2724 de
1672 2693 1758 2731 Valle)
1780 2694 1809 2723 2.

1291 2745 1427 2784 Polycarpi
1450 2743 1604 2783 (Praedium
1626 2742 1670 2783 S.)
1692 2744 1718 2773 in
1741 2743 1866 2774 Calabria
1883 2743 2135 2776 tta—Planities
2157 2745 2228 2776 356.

1292 2796 1445 2836 Poheastro
1466 2795 1593 2834 (loannes
1614 2795 1661 2834 de)
1681 2793 1835 2825 catacensis
1856 2794 2065 2827 Arehidiaconus
2086 2796 2158 2828 42¹.

1295 2847 1493 2886 Polycllol'iuln,
1516 2844 1711 2886 Πολλυκόριον
1736 2845 1806 2883 126,
1830 2845 1902 2882 319,
1926 2846 1967 2877 vel
1988 2847 2176 2887 Χωραπόλλη
2200 2848 2269 2881 144.

1335 2896 1468 2927 Lucaniae
1489 2895 1614 2937 oppidum

1375 2946 1545 2978 caballarius
1566 2947 1652 2978 dictae
1674 2950 1762 2979 terrae
1784 2947 1898 2979 loannes
1919 2947 1951 2978 de
1972 2947 2141 2980 Gan-amnne
2167 2948 2235 2980 ¹45.
