2560 3646
1182 362 1380 398 ...580-

275 439 364 471 Conca
381 438 532 480 (Rugerius
553 436 598 476 de)
620 440 640 468 t.
665 435 737 468 378.

277 490 366 521 Cende
386 487 525 529 (Nicotaus
546 485 591 527 de)
611 486 682 518 284.
711 486 742 518 V.
769 485 841 518 Picis
861 485 1016 520 Barsecins.

275 558 315 563 -
338 538 444 577 (Zosimi
465 537 510 578 de)
532 537 606 567 vinea
627 536 654 569 in
675 545 740 578 agro
761 536 903 569 Nicoterae
925 537 997 569 284.

273 590 383 621 Condidi
406 589 481 625 Elian
502 588 640 630 praedium
662 588 690 620 in
710 587 838 621 Calabria
858 589 931 621 247.

273 640 401 671 Conditus
421 639 570 681 Gregorius
591 642 619 672 et
642 638 686 671 alii
707 650 750 673 vv.
777 640 847 673 184.

1302 436 1491 469 Constantinus
1513 441 1654 479 protopapa
1677 438 1800 470 Panormi
1823 439 1895 478 250,
1919 440 1992 472 288.

1303 504 1343 510 -
1365 486 1420 528 (S.)
1442 496 1469 519 n.
1492 487 1510 519 l.
1536 488 1562 519 in
1583 488 1709 520 Calabria
1730 489 1803 528 296,
1826 490 1899 530 298,
1923 492 1995 524 stt.

1302 556 1344 562 -—
1365 538 1525 579 Spatharius
1546 541 1688 582 imperialis
1710 542 1739 572 5.

1302 590 1473 621 Contoniceta
1496 590 1593 623 Petrus
1616 596 1636 623 t.
1662 592 1733 624 287.

1302 639 1434 672 Contaras
1455 641 1613 674 Theodorus
1635 647 1655 674 t.
1683 644 1752 676 181.

269 711 309 715 -
331 691 459 723 Nicolaus
480 695 508 723 et
529 690 583 723 Leo
606 691 724 724 vendunt
745 692 848 735 vineam
871 693 1033 726 monasterio
1064 692 1095 724 S.
1129 691 1258 733 Stephani
1302 690 1508 724 Contaratorum
1530 698 1557 725 et
1576 694 1755 727 Conturorum
1778 696 1909 737 expulsio,
1935 694 2094 738 Κοντοῦρων
2109 695 2157 728 aa}
2174 701 2283 730 xma-

313 743 345 775 de
367 743 483 774 Nemore
507 742 577 776 165.

271 795 386 828 Condita
407 795 522 827 loannes
543 805 569 827 v.
595 795 668 827 295.

269 845 361 877 Comlo
369 845 466 887 (Ursus
478 848 505 877 et
515 844 570 877 Leo
583 846 627 886 de)
639 855 806 888 possessores
820 847 922 888 praedii
937 848 964 879 in
978 856 1045 889 agro
1058 846 1167 878 Briatici
1182 845 1255 877 531.

270 897 405 930 Condoleo
426 897 540 930 Ioannes
563 901 583 929 t.
608 897 681 937 360,
704 898 776 936 362,
800 898 871 932 363.

268 968 311 976 --
334 949 448 981 loannes
470 959 495 982 v.
520 950 592 982 558.

269 1019 310 1024 -
332 1000 539 1033 Theodoruset
559 1001 674 1032 loannes
695 1004 729 1032 tt.
756 1000 826 1032 166.

269 1070 311 1075 -
333 1051 460 1083 Nicotaus
474 1055 502 1082 et
516 1050 616 1082 Consta
629 1058 797 1092 possessores
813 1050 983 1091 praediorum
999 1051 1025 1082 in
1040 1049 1165 1082 Calabria
1184 1048 1252 1080 166.

267 1102 439 1134 condelucus
460 1101 576 1133 Basilius
598 1110 625 1132 v.
649 1100 717 1132 184.

269 1152 500 1184 condomichanus
520 1152 634 1182 Ioannes
654 1154 682 1182 et
702 1150 820 1182 Achilles
842 1150 913 1182 389.

267 1201 454 1234 condonieolai
475 1200 584 1233 loannis
605 1200 651 1232 filii
673 1199 745 1232 Petri
767 1204 794 1232 et
814 1199 896 1233 Galae
911 1201 945 1233 de
960 1201 1065 1243 Aegide
1080 1201 1192 1234 tabulae
1204 1211 1253 1234 nu-

308 1254 403 1298 ptiales
423 1253 495 1286 355.

266 1306 376 1338 Condus
398 1304 453 1338 Leo
475 1314 504 1337 v.
529 1305 600 1338 320.
645 1343 647 1346 y

272 1377 307 1382 —
330 1358 428 1390 Petrus
451 1362 476 1389 t.
497 1357 569 1389 363.

268 1410 398 1443 Conicuin
419 1410 531 1442 fortasse
552 1418 582 1443 n.
604 1410 722 1443 1.,120.

267 1461 381 1494 Conradi
404 1461 430 1494 ll
453 1461 525 1503 regis
546 1461 644 1492 mentio
665 1461 725 1492 418
739 1485 746 1499 ,
770 1460 853 1500 421,
877 1461 958 1494 423.
998 1461 1147 1504 Κωρροίδος
1168 1463 1227 1494 tit
1243 1486 1252 1501 ,

308 1511 464 1543 conradum
486 1511 615 1542 vertimus
628 1535 636 1549 ,
658 1519 694 1542 ne
715 1519 732 1542 a
753 1512 912 1552 mecanica
933 1515 1011 1544 textu
1032 1512 1251 1551 discederemus;

307 1563 354 1593 sed
376 1561 470 1604 procul
490 1560 572 1593 dubio
592 1560 691 1594 notarit
711 1568 807 1592 errore
826 1569 874 1602 pro
895 1560 994 1594 carolo
1017 1563 1043 1594 in
1067 1562 1253 1595 membranam

305 1611 421 1653 irrepsit.

267 1663 427 1697 Consentiae
448 1662 672 1705 Arcbiep'seopus
693 1663 823 1695 Amutrus
845 1662 897 1695 86.
921 1662 988 1695 Eius
1010 1665 1108 1697 mentio
1130 1666 1182 1700 74.

265 1715 382 1747 Consiua
402 1715 444 1747 via
465 1722 546 1757 prope
567 1713 722 1745 Pertoeiam
744 1714 795 1746 71.

265 1767 366 1800 Consta
386 1767 507 1799 notarius
527 1770 555 1798 et
575 1765 720 1809 Strategus
740 1766 772 1798 S.
797 1765 940 1798 severinae
962 1770 989 1799 et
1009 1767 1132 1800 Crotonis
1155 1769 1224 1801 114.

263 1838 306 1844 -
327 1818 439 1860 (Petrus
459 1817 504 1858 de)
524 1815 595 1848 352.
621 1817 655 1848 V.-
678 1816 816 1848 Dominieo
836 1814 982 1858 (Rogerius
1003 1817 1056 1858 de).

264 1889 306 1894 —
326 1870 466 1912 presbjter
486 1869 557 1901 lilius
577 1868 700 1901 dominae
714 1868 821 1900 Flaviae
835 1869 900 1900 emit
913 1870 1053 1910 praedium
1068 1870 1103 1902 ab
1120 1871 1196 1903 Irene
1212 1872 1249 1903 vi-

306 1923 361 1954 dua
382 1921 490 1953 loannis
510 1920 606 1952 Franci
627 1920 654 1950 in
674 1919 736 1952 loco
755 1919 827 1951 dicto
847 1919 952 1951 Mutero
977 1919 1046 1951 tet.

268 1973 438 2005 Constantiae
459 1965 639 2013 Imperatr-icis
659 1971 762 2002 mentio
779 1970 852 2001 327.

268 2023 456 2055 constantinae
477 2022 549 2054 lilius
569 2022 682 2054 loannes
704 2022 757 2053 47.
781 2021 816 2053 V.
838 2020 954 2053 Basilius
974 2021 1052 2053 faber
1073 2022 1216 2056 serrarius.

269 2073 509 2115 Constantinopolis
530 2073 628 2104 mentio
650 2071 720 2103 113.

268 2126 441 2158 Constantino
461 2125 547 2167 (Papa
567 2123 682 2155 Basilius
703 2124 748 2165 de)
771 2127 791 2155 t.
817 2123 886 2156 106.

268 2177 459 2210 Constantinus
480 2178 608 2208 diaconus
629 2179 655 2208 et
675 2175 869 2218 protonotarius
898 2176 1005 2210 maioris
1032 2177 1166 2210 Ecclesiae
1188 2179 1247 2210 llic-

308 2228 426 2260 recensis
448 2226 519 2258 253.

267 2297 309 2302 -
332 2279 470 2319 episcopus
489 2276 657 2309 Hieraeensis
676 2272 748 2308 253.

268 2348 309 2354 -
331 2330 477 2371 Imperator
497 2328 624 2370 praecipit
644 2335 679 2359 ae
708 2328 769 2370 quis
790 2329 897 2360 auferat
927 2329 998 2361 bona
1027 2330 1202 2362 ecelesiarum
1225 2334 1252 2362 et

309 2382 451 2423 praecipue
467 2380 500 2411 S.
522 2379 657 2411 Benedicti
679 2377 923 2412 ts—Constantini
946 2383 973 2412 et
994 2381 1083 2412 Basilii
1106 2381 1251 2423 imperato-

311 2440 374 2463 rum
395 2431 492 2463 mentio
515 2431 546 2469 7,
569 2430 621 2468 20,
646 2429 697 2461 22.

270 2501 310 2506 -—
332 2483 452 2513 notarius
475 2481 570 2522 Oppidi
590 2480 663 2512 299.

273 2551 313 2556 -—-
336 2532 457 2564 notarius
478 2532 600 2563 dominae
622 2530 717 2563 Cuculi
740 2532 810 2564 326.

272 2602 314 2608 --
337 2583 412 2626 Opus
435 2584 566 2615 Patricius
587 2586 613 2615 et
634 2583 797 2625 Catapanus.
823 2584 854 2616 V.
881 2584 1020 2626 Catapani.

274 2653 315 2659 ——
336 2636 474 2677 presbyter
493 2634 589 2667 Cuculi
609 2636 730 2667 notarius
751 2636 823 2668 338.

273 2703 313 2709 --
337 2685 473 2727 presbyter
494 2685 525 2718 S.
549 2686 649 2718 Nicolai
667 2687 758 2718 vendit
772 2686 911 2718 Theodoro
933 2686 1089 2729 Coenapiari
1111 2689 1163 2720 silio
1176 2697 1265 2730 prae--

312 2737 383 2768 ilium
404 2738 484 2769 situm
506 2737 561 2769 sub
582 2738 745 2770 monasterio
765 2738 798 2769 S.
815 2738 917 2770 Nicolai
939 2742 1014 2771 trans
1036 2743 1180 2771 torrentem
1202 2739 1251 2771 13.

273 2803 312 2810 -—
335 2786 471 2828 presbyter
492 2790 519 2818 et
540 2787 693 2820 tabularius
715 2790 884 2830 episcopatus
903 2789 1044 2822 Nicoterae
1065 2790 1146 2828 322,
1170 2791 1230 2822 319
1243 2816 1251 2829 ,

315 2836 387 2874 350,
409 2837 480 2869 352.

275 2904 316 2912 --
337 2885 482 2927 presbyteri
502 2887 636 2920 Michaelis
651 2888 721 2919 tilius
735 2889 846 2931 eiusque
861 2889 933 2922 lilius
952 2889 1060 2921 Simeon
1082 2890 1180 2921 donant
1194 2898 1254 2931 pre-

316 2936 424 2977 shytero
444 2937 554 2969 Martiae
575 2942 677 2979 partem
697 2940 798 2980 praedii
821 2941 847 2972 iu
868 2949 934 2983 agro
956 2940 1058 2983 Orgioli
1079 2945 1106 2972 et
1125 2941 1254 2982 reliquam

316 2991 418 3029 partem
440 2987 525 3020 eidem
545 2989 661 3022 vendunt
682 2989 754 3022 290.

1342 741 1437 783 μάτων
1459 740 1574 786 tapam,
1600 745 1816 777 55-—Contarati
1838 747 1900 778 dieti
1922 751 1985 779 sunt
2005 747 2136 784 homines.
2151 748 2198 789 qni
2218 757 2284 780 con·-

1342 794 1386 832 tis,
1409 794 1462 825 sive
1483 794 1567 826 hastis
1588 797 1709 833 armati,
1731 801 1759 828 et
1779 807 1842 829 cum
1862 799 1937 840 equis
1955 824 1964 836 ,
1993 800 2037 841 qui
2060 800 2165 832 centuri
2186 801 2284 832 vocita-

1343 845 1454 883 bantur,
1472 846 1573 877 auxilio
1594 850 1672 878 erant
1693 847 1803 880 Graecis
1825 849 1957 891 Strategis
1978 851 2012 882 ad
2033 851 2136 889 hostes,
2159 854 2187 882 et
2206 860 2284 892 prae-

1341 897 1417 938 cipue
1445 897 1596 928 Saracenos
1613 923 1621 935 ,
1645 906 1660 929 e
1682 900 1821 938 provinciis
1843 901 1940 931 nostris
1961 901 2190 933 exterminandos.
2212 901 2283 933 Cum

1342 957 1405 979 vero
1426 949 1473 990 ipsi
1493 958 1599 990 quoque
1613 949 1750 980 Contarati
1765 951 1824 981 facti
1840 955 1928 982 essent
1950 952 2114 984 Graecorum
2126 952 2229 989 hostes,
2247 953 2281 983 ad

1340 999 1521 1039 expulsionem
1543 1008 1637 1030 eorum
1653 999 1747 1031 Graeci
1764 1008 1839 1030 arma
1853 1005 2051 1039 converterunt,
2067 1007 2098 1033 ut
2107 1003 2201 1044 Lupus
2212 1001 2278 1033 Pro-

1339 1049 1462 1090 tospatha
1478 1050 1503 1079 in
1526 1058 1576 1081 suo
1598 1049 1733 1081 Chronico
1753 1051 1786 1081 ad
1810 1060 1909 1082 annum
1933 1052 2024 1089 1040,
2047 1052 2143 1094 aliique
2161 1052 2280 1084 Chrono-

1339 1101 1433 1142 graphi
1448 1105 1591 1133 testantur.
1616 1101 1744 1133 Chartula
1767 1106 1857 1133 nostra
1881 1112 1951 1143 quae
1973 1102 2152 1135 Conturorum
2170 1108 2197 1135 et
2211 1103 2281 1135 Cou-

1339 1155 1488 1184 taratorum
1511 1153 1672 1184 mentionem
1688 1153 1781 1190 habet,
1806 1162 1856 1184 non
1878 1153 2030 1194 longissime
2054 1153 2133 1185 abest
2146 1163 2162 1185 a
2181 1158 2282 1194 tempo-

1339 1203 1428 1242 rum,
1448 1204 1549 1246 quibus
1571 1204 1667 1236 Graeci
1690 1205 1722 1235 ad
1744 1214 1790 1236 ees
1805 1205 1975 1246 expellendos
1991 1205 2147 1237 incubuisse
2160 1206 2282 1237 Chrono-

1339 1254 1432 1296 graphi
1454 1254 1632 1292 tradiderunt·,
1651 1255 1747 1286 idcireo
1763 1264 1840 1286 voces
1862 1252 1967 1293 ἐκβολὴ
1983 1255 2041 1286 τῶν
2058 1254 2218 1296 Κοντοόρων
2233 1254 2281 1286 nal

1337 1305 1396 1334 τῶν
1419 1304 1611 1346 Κονταρὼτων
1639 1306 1726 1346 magis
1742 1314 1789 1346 pro
1803 1305 1960 1347 expulsione
1975 1305 2159 1337 Conturorum
2167 1310 2194 1337 et
2208 1307 2278 1338 Con-

1338 1359 1501 1394 tat-ntorum,
1517 1365 1598 1398 quam
1613 1364 1664 1397 pro
1677 1361 1852 1399 utrorumque
1874 1358 2052 1399 praestatione
2073 1359 2145 1390 visae
2159 1363 2222 1390 sunt
2238 1359 2277 1389 iu-

1335 1409 1523 1449 terpretandae
1540 1421 1547 1446 ;
1576 1408 1656 1449 idque
1677 1408 1753 1439 nobis
1775 1418 1807 1440 eo
1829 1409 1914 1450 inagis
1935 1410 2049 1448 arrisit,
2079 1410 2149 1452 quod
2170 1410 2275 1442 nullum

1338 1459 1518 1497 Glossarium,
1539 1458 1665 1500 nullaque
1684 1458 1903 1490 membranarum
1925 1465 2079 1492 nostrarum
2094 1457 2275 1499 vocem-{ufto-

1338 1510 1377 1545 λὴ
1400 1509 1478 1541 affert
1498 1509 1533 1540 ad
1555 1509 1758 1550 significandam
1775 1509 1988 1549 praestationum
2010 1510 2180 1547 solutionem,
2206 1518 2275 1551 qna·

1337 1568 1399 1591 rum
1421 1559 1548 1600 frequens
1568 1559 1595 1590 in
1611 1558 1703 1591 iisdem
1719 1557 1881 1590 membranis
1903 1559 2022 1590 occurrit
2044 1560 2153 1592 mentio.

1295 1612 1458 1644 Contaratus
1473 1611 1528 1642 Leo
1549 1619 1688 1652 possessor
1708 1610 1806 1651 praedii
1821 1610 1848 1641 in
1862 1619 1928 1652 agro
1951 1611 2092 1642 Nicoterae
2115 1611 2189 1649 351,
2201 1612 2272 1643 352.

1295 1683 1335 1690 --
1356 1664 1485 1695 Nicotaus
1506 1667 1526 1695 t.
1550 1663 1622 1694 211.

1294 1735 1335 1740 -
1356 1717 1449 1747 Ranus
1471 1716 1543 1753 210,
1566 1715 1649 1752 257,
1674 1715 1744 1746 319.
1764 1715 1795 1746 V.
1822 1715 1889 1746 Liba
1911 1714 2048 1757 Philippus
2066 1740 2073 1753 ,
2104 1719 2131 1746 et
2152 1715 2280 1746 Stauraei

1336 1767 1460 1798 Basilius.
2006 1759 2007 1762 ’

1293 1837 1334 1842 --—
1355 1818 1514 1850 Theodorus
1535 1828 1560 1849 v.
1587 1817 1660 1848 tsi.

1293 1870 1452 1901 Conteratus
1475 1868 1590 1900 Basilius
1611 1878 1636 1898 v.
1661 1868 1710 1901 78.

1293 1919 1420 1952 Contoleo
1442 1920 1582 1951 Tornieius
1603 1918 1760 1959 catapanus
1782 1918 1886 1949 ltaliam
1909 1918 1942 1949 V.
1968 1920 2110 1960 Catapani.

1293 1970 1467 2002 Contomolini
1490 1969 1635 2011 (llogerius
1657 1970 1702 2011 de)
1724 1973 1744 2000 t.
1769 1969 1841 2000 407.

1291 2025 1471 2056 Conturorum
1494 2026 1522 2054 et
1543 2022 1751 2054 Contaratorum
1774 2022 1896 2063 expulsio
1918 2023 1968 2053 55.
1996 2023 2028 2053 V.
2054 2022 2274 2055 Contaratorum.

1292 2075 1445 2106 Contzillius
1466 2074 1585 2105 Arellius
1606 2078 1627 2106 t.
1655 2073 1726 2104 129,

1292 2126 1439 2168 Κοπέρτα,
1463 2131 1582 2168 coperta,
1606 2125 1677 2157 325.

1292 2178 1408 2220 Coppola
1429 2178 1527 2209 Petrus
1546 2181 1568 2209 t.
1593 2177 1666 2209 264.

1293 2229 1440 2271 Copsorino
1459 2229 1539 2268 (Ursa
1560 2229 1603 2270 de)
1628 2239 1652 2260 v.
1680 2230 1729 2260 77.

1293 2280 1500 2321 Copsorinornm
1520 2279 1592 2310 bona
1613 2279 1639 2310 in
1661 2279 1788 2310 Calabria
1811 2280 1883 2317 1¹3,
1905 2280 1978 2311 tu.

1294 2331 1379 2362 Coras
1399 2330 1545 2371 Calocyrus
1567 2335 1587 2361 t.
1614 2330 1683 2362 108.

1294 2382 1440 2413 Cerasiano
1463 2380 1642 2422 (Nicephorus
1661 2380 1695 2411 de
1716 2379 1851 2422 Stephano
1873 2380 1918 2420 de)
1939 2390 1964 2411 v.
1989 2380 2064 2413 557.

1295 2431 1453 2463 Coi-asinum
1474 2441 1503 2462 n.
1529 2431 1550 2462 l.
1573 2432 1599 2462 in
1621 2439 1691 2471 agro
1708 2431 1864 2462 Seminarae
1887 2430 1958 2462 494.

1295 2484 1406 2515 Corates
1428 2483 1576 2514 Riccaruus
1597 2482 1678 2514 iudex
1701 2482 1795 2513 Nohae
1817 2481 1888 2512 211.

1295 2534 1425 2565 Coratora
1446 2533 1572 2573 (Basilius
1593 2535 1620 2563 et
1642 2532 1806 2572 Peregrinus
1828 2531 1872 2571 de)
1896 2535 1926 2562 tt.
1951 2530 2022 2562 395.

1297 2583 1440 2614 Coratoras
1462 2583 1516 2614 Leo
1538 2587 1559 2614 t.
1585 2581 1656 2618 162,
1683 2582 1752 2613 181.

1295 2634 1409 2665 Coratza
1433 2633 1529 2664 Petrus
1550 2633 1661 2673 eiusque
1681 2632 1765 2662 frater
1787 2630 1924 2671 Philippus
1939 2635 1966 2661 et
1988 2638 2064 2661 soror
2086 2628 2156 2662 Ursa
2177 2630 2275 2663 donant

1338 2685 1498 2716 monasterio
1519 2684 1550 2715 S.
1573 2683 1679 2724 Georgii
1701 2683 1841 2723 praedium
1861 2682 1887 2712 in
1908 2690 1973 2722 agro
1995 2682 2126 2723 Episcopii
2147 2682 2220 2715 222.

1296 2737 1468 2769 Corbnserus
1487 2735 1600 2768 Staulus
1621 2740 1640 2766 t.
1667 2734 1738 2766 256.

1296 2788 1464 2820 Coreodillus
1485 2787 1619 2828 Georgius
1641 2796 1667 2818 v.
1691 2786 1762 2817 560.

1296 2840 1417 2871 Corcuas
1438 2838 1603 2870 Arcomenus
1624 2841 1644 2868 t.
1670 2836 1742 2867 299.

1296 2889 1366 2921 Core
1387 2889 1557 2930 (Theodorus
1577 2889 1623 2929 de)
1644 2889 1732 2920 vendit
1751 2889 1852 2919 notario
1885 2887 1969 2919 Paulo
2000 2888 2113 2920 Filderri
2134 2889 2272 2920 dimidiam

1337 2945 1441 2982 partem
1463 2941 1544 2972 trium
1566 2940 1685 2972 olearum
1706 2939 1854 2972 extantium
1874 2940 1900 2971 in
1921 2948 1986 2982 agro
2008 2940 2091 2972 Aetas
2112 2940 2186 2972 169.

1297 2991 1497 3032 Corepsogenes
1518 2990 1649 3022 Arcadius
1671 2998 1697 3022 v.
1723 2990 1795 3022 558.

2552 1619 2560 2049 ψω-Μ-Μρ.ωωψ
2555 1556 2560 1614 ..-....
2555 1517 2560 1550 ..Α
2554 1411 2560 1510 .-.ι-...Δ

2554 2293 2560 2437 ÷

2554 2462 2560 2627 ᾗ

2551 2635 2560 2814 i
