2652 3762
386 345 436 372 Mt

1255 479 1385 534 VI.

438 679 601 719 Saeculo
630 681 756 718 autem
795 676 857 726 ΧΙ,
896 675 1050 716 condito
1079 675 1179 725 apud
1208 686 1278 716 nos
1306 676 1628 715 Nortmannorum
1665 675 1898 728 Principatu,
1933 679 1996 728 qui
2030 679 2187 719 saeculo
2220 678 2317 720 inse-

333 743 462 791 quenti
493 741 614 780 evasit
642 741 677 778 iu
708 739 864 777 Siciliae
895 738 1082 787 Regnum,
1114 742 1152 777 et
1180 748 1308 776 rerum
1338 742 1556 776 nostrarum
1585 739 1825 777 maiestatem
1854 744 1968 788 atque
2001 741 2163 790 gloriam
2192 742 2317 780 rediu-

331 803 512 852 tegravit,
543 811 616 840 non
646 803 803 850 ereptus
832 810 960 840 sermo
989 809 1154 849 graccus
1182 800 1252 838 fuit
1280 799 1441 847 civibus,
1472 799 1535 847 qui
1565 802 1622 837 tot
1641 800 1882 838 saeculorum
1912 803 2109 841 intervallo
2129 813 2214 842 eum
2235 813 2317 842 ser-

332 867 524 904 vaverant.
556 863 753 911 Principes
773 862 846 912 ipsi
867 862 1091 901 Nortmanni
1119 872 1140 899 a
1171 860 1393 899 Graecismo
1422 859 1577 908 quidem
1612 870 1685 898 non
1722 861 2019 913 abhorruerunt,
2057 865 2172 913 idque
2200 868 2317 904 testa-

331 924 522 964 tissimum
550 923 695 962 faciunt
730 924 939 973 diplomata
968 933 1110 973 graece
1138 921 1372 971 conscripta,
1403 922 1544 970 quibus
1573 922 1766 961 Coenobia
1795 926 1834 961 et
1863 923 2056 964 Ecclesias
2084 926 2319 967 Graecorum

333 985 573 1025 subditorum
603 985 829 1036 privilegiis,
860 985 1147 1034 donationibus,
1168 987 1207 1023 et
1225 983 1312 1022 aliis
1332 983 1615 1022 munificentiae
1633 994 1679 1023 ac
1696 984 1850 1033 pietatis
1873 986 2216 1034 significationibus
2235 1000 2323 1040 pro-

333 1048 486 1097 sequuti
515 1047 681 1087 suerunt.

437 1109 547 1150 Svcvi
576 1119 726 1160 porro,
756 1112 846 1159 post
873 1109 1078 1148 extinctam
1110 1108 1254 1157 Regum
1285 1107 1607 1147 Nortmannorum
1645 1108 1830 1158 stirpem,
1860 1112 2023 1157 utraque
2052 1109 2184 1150 Sicilia
2211 1113 2323 1161 potiti

333 1183 477 1222 graeco
506 1174 674 1212 sermoni
703 1173 890 1212 honorem
920 1173 993 1222 ipsi
1022 1182 1178 1222 quoque
1211 1172 1443 1211 hahuerunt.
1485 1170 1802 1220 Exploratissima
1831 1181 1895 1210 res
1924 1175 1984 1210 est
2013 1172 2238 1212 Federieum
2267 1174 2327 1213 Si·

331 1235 444 1275 ciliae
474 1235 617 1284 Regcm
647 1239 686 1274 ct
714 1235 974 1274 Romanorum
1004 1235 1280 1284 imperatorem
1309 1234 1480 1272 edidisse
1509 1233 1813 1273 constitutiones
1843 1233 1989 1283 Regum
2027 1245 2323 1285 praecessorum

331 1300 370 1335 et
397 1305 488 1335 suas
517 1305 590 1334 non
619 1296 744 1334 solum
775 1296 909 1345 latina,
939 1297 1008 1335 scd
1038 1306 1180 1345 graeca
1209 1296 1325 1334 etiam
1354 1295 1499 1345 lingua,
1531 1295 1709 1334 nimirum
1730 1295 1818 1344 quia
1840 1297 2115 1335 consulendum
2144 1306 2233 1336 esse
2263 1297 2324 1337 vel

332 1359 490 1399 Graecis
511 1361 584 1399 sihi
605 1360 771 1400 subditis
800 1362 938 1410 partim
969 1361 1083 1410 ultra,
1113 1361 1250 1410 partim
1271 1359 1368 1399 citra
1388 1359 1592 1399 Siciliense
1619 1359 1759 1399 l'retum
1785 1360 2145 1410 providentissimus
2165 1360 2230 1400 ille
2258 1371 2325 1410 pu-

330 1421 456 1460 blicae
485 1422 763 1462 incolumitatis
790 1424 970 1462 adsertor
998 1423 1120 1472 probe
1149 1421 1351 1461 intellexit.

433 1481 528 1521 lleic
556 1492 648 1523 vero
677 1483 792 1523 uobis
819 1486 1038 1534 temperare
1066 1492 1139 1522 non
1171 1492 1392 1532 possumus,
1414 1481 1505 1532 quin
1525 1482 1810 1521 moderatorem
1838 1482 1940 1520 hunc
1970 1483 2200 1531 populorum
2220 1486 2327 1522 tanta

332 1546 556 1586 laudatione
589 1547 862 1587 cumulandum
890 1557 979 1587 esse
1007 1547 1215 1597 dieamus,
1252 1550 1394 1595 quanta
1429 1546 1677 1585 insectandos
1712 1539 1998 1594 vituperatione
2026 1555 2156 1584 remur
2185 1546 2326 1584 latinos

331 1609 607 1660 imperatores,
636 1610 703 1660 qui
733 1610 1104 1660 Constantinopolim
1133 1611 1270 1649 eodem
1299 1618 1395 1649 aevo
1423 1606 1642 1648 tenuerunt.
1675 1609 1838 1648 lstorum
1860 1609 1960 1648 enim
1981 1609 2145 1648 maxima
2169 1609 2240 1648 l'uit
2258 1609 2324 1648 de·

338 1675 518 1726 spiratio,
549 1686 624 1725 qua
654 1685 818 1725 graecas
846 1676 997 1715 litteras
1026 1676 1287 1715 intuebantur.
1319 1674 1498 1720 Quamvis
1526 1674 1575 1713 ab
1594 1684 1694 1713 anno
1715 1674 1860 1712 MCClV
1879 1674 1926 1712 ad
1948 1684 2087 1712 annum
2116 1673 2328 1712 MCCLXlll

336 1739 472 1777 urbem
500 1738 760 1777 monumentis
788 1738 1043 1787 graecanicae
1071 1738 1286 1787 sapientiae
1314 1737 1543 1776 ditissimam
1572 1737 1761 1776 moderati
1782 1739 1885 1785 sunt,
1908 1736 2001 1774 nihil
2021 1739 2147 1774 tamen
2170 1736 2258 1775 inde
2287 1736 2326 1774 iu

335 1806 468 1837 rorum
499 1798 662 1847 patriam
691 1799 893 1837 advectum
922 1802 996 1848 cst,
1027 1799 1131 1846 quod
1158 1798 1378 1837 Occidentis
1408 1798 1627 1836 barbariem
1656 1797 1915 1845 imminueret,
1937 1807 1982 1835 ac
2012 1798 2252 1845 praeclarum
2272 1797 2326 1836 l'u-

333 1863 394 1898 rct
420 1859 650 1908 trophaeum
679 1862 886 1907 susceptae
914 1859 1188 1908 expeditionis.
1211 1860 1330 1907 Auro,
1352 1861 1574 1910 argentaci
1594 1858 1768 1906 reliquae
1789 1858 1983 1907 pretiosae
2003 1858 2233 1906 supellectili
2257 1858 2324 1908 By-

332 1920 573 1959 zantiuorum
602 1919 826 1970 inhiabant,
857 1930 980 1968 eaque
1010 1930 1079 1970 per
1106 1929 1297 1959 summum
1332 1920 1461 1958 scelus
1499 1919 1749 1969 expilarunt‚
1790 1920 2111 1968 quemadmodum
2141 1930 2163 1958 a
2193 1919 2326 1959 Niceta

333 1983 536 2033 Choniate,
567 1986 606 2022 et
632 1983 899 2023 Viltharduino
928 1984 1122 2033 proditum
1150 1983 1361 2022 memoriae
1389 1982 1473 2021 suit.
1501 1982 1610 2027 Quod
1630 1983 1662 2021 si
1686 1982 1894 2021 Federicus
1924 1987 2070 2032 noster,
2096 1983 2160 2031 qui
2184 1984 2321 2021 eodem

335 2046 494 2085 saeculo
521 2046 559 2084 in
589 2045 784 2084 Orientem
812 2045 1103 2094 transfretavit,
1133 2054 1208 2083 non
1237 2047 1397 2083 coactus
1425 2048 1531 2083 essct
1557 2044 1761 2083 celerrime
1791 2045 1878 2083 inde
1907 2045 2036 2083 redire
2065 2044 2115 2082 ob
2145 2044 2327 2083 italorum

333 2105 513 2155 inopinas
541 2105 781 2145 delectiones
799 2135 809 2155 ,
839 2109 879 2144 et
906 2115 980 2144 non
1010 2106 1136 2144 solum
1164 2104 1454 2155 Hierosolyma,
1486 2105 1555 2144 sed
1584 2105 1699 2143 etiam
1728 2105 2098 2154 Constantinopolim
2127 2115 2198 2144 suo
2227 2105 2332 2143 adie-

335 2170 455 2208 cisset
482 2168 661 2218 imperio,
683 2178 730 2207 ex
749 2169 824 2208 hoc
842 2169 1039 2218 triumpho
1058 2169 1175 2218 longe
1203 2169 1524 2219 praestantiores,
1555 2180 1670 2218 quam
1700 2170 1852 2218 Franci,
1873 2170 2042 2218 cepisset
2061 2169 2222 2208 tructus.
2247 2168 2328 2208 Non

335 2229 436 2268 enim
465 2229 619 2268 divitias
647 2230 846 2269 hausisset
874 2229 1126 2279 Graecorum,
1157 2230 1226 2269 sed
1255 2230 1393 2278 libros,
1423 2230 1487 2278 qui
1515 2231 1617 2280 apud
1644 2240 1713 2269 cos
1741 2231 1936 2279 extabant,
1959 2234 1998 2269 et
2016 2230 2212 2269 Occidenti
2241 2241 2325 2269 eru-

334 2293 476 2332 diendo
494 2322 504 2342 ,
535 2293 727 2341 bonisque
755 2292 904 2333 artibus
933 2294 1148 2332 excitandis
1176 2297 1357 2343 poterant
1384 2293 1623 2342 mancipari.-
1647 2293 1770 2332 'l'anto
1798 2294 1989 2342 flagrabat
2021 2303 2153 2332 amore
2181 2293 2324 2331 littera·

333 2364 419 2393 rum
449 2357 487 2392 et
515 2354 744 2404 praesertim
774 2356 1024 2403 graecarum!
1055 2354 1218 2394 Tantum
1247 2355 1383 2394 aberat
1410 2357 1452 2393 ut
1472 2354 1642 2394 Graecos
1672 2354 1900 2404 Byzantinos
1921 2354 2135 2404 despicatui
2163 2354 2324 2393 haberet

333 2417 368 2455 is
392 2446 400 2465 ,
432 2417 497 2466 qui
527 2427 603 2456 non
630 2417 866 2457 mediocrem
895 2418 1020 2467 gessit
1048 2427 1180 2457 curam
1218 2417 1454 2457 Graecorum
1490 2417 1758 2467 neapolitanus
1787 2421 1826 2457 et
1854 2417 1999 2457 siculas
2027 2417 2193 2456 ditiones
2225 2416 2329 2456 inco-

334 2477 520 2515 lentium!

442 2540 517 2580 Sed
547 2546 587 2580 ut
607 2552 628 2581 e
649 2542 785 2581 semita
806 2541 841 2580 in
859 2541 957 2582 viam
988 2542 1208 2592 redeamus,
1240 2542 1332 2590 quid
1359 2541 1583 2581 testimonio
1612 2552 1841 2591 graecarum
1871 2542 2206 2592 constitutionum,
2229 2551 2326 2589 quas

336 2603 753 2653 commemoravimus,
793 2613 892 2653 opus
921 2608 981 2643 est
1009 2604 1121 2643 nobis
1150 2607 1191 2642 ut
1218 2603 1442 2653 perennitas
1470 2603 1601 2652 graeci
1631 2604 1823 2643 sermonis
1856 2604 1893 2642 in
1923 2604 2147 2652 regionibus
2181 2604 2324 2642 nostris

335 2675 406 2714 per
434 2666 615 2706 citeriora
644 2667 800 2706 saecula
831 2667 956 2717 palam
986 2667 1065 2716 liat,
1096 2667 1128 2706 si
1156 2668 1365 2716 plerasque
1394 2667 1521 2705 daturi
1550 2677 1685 2706 sumus
1713 2666 1799 2705 heic
1826 2667 2090 2713 membranas,
2122 2676 2221 2713 ‹puie
2250 2676 2325 2704 uon

336 2725 554 2775 Principum
585 2727 700 2767 modo
729 2727 954 2778 Svevorum,
985 2728 1054 2767 sed
1083 2728 1417 2777 Andegavensium
1445 2737 1601 2777 quoquc
1630 2727 1870 2776 temporibus
1899 2727 2074 2766 conditae
2103 2726 2269 2776 suerunt,
2292 2730 2330 2766 ct

338 2787 629 2828 diuturnitatem
658 2790 743 2829 eius
772 2790 964 2830 sermonis
993 2790 1300 2830 luculentissime
1327 2793 1548 2831 testantur?
1568 2788 1664 2829 lllud
1684 2792 1811 2839 potius
1840 2794 1971 2829 notatu
2001 2790 2156 2839 dignum
2185 2801 2230 2829 ac
2259 2801 2322 2829 ne-

337 2850 427 2888 mini
457 2850 611 2891 silentio
640 2853 965 2901 praetereundum
994 2854 1243 2904 arbitramur,
1265 2854 1532 2894 admirabilem
1550 2853 1618 2892 Dei
1648 2854 1876 2893 immortalis
1897 2854 2193 2904 Providentiam,
2216 2855 2328 2895 cuius

338 2923 477 2953 arcana
507 2916 666 2955 consilia
697 2926 761 2956 res
789 2917 1010 2967 hominum,
1041 2922 1079 2957 et
1108 2918 1297 2967 reliquam
1325 2921 1501 2957 naturam
1529 2918 1745 2956 universam
1774 2917 2024 2956 moderantur
2043 2945 2053 2965 ,
2091 2916 2143 2955 ita
2173 2926 2236 2955 res
2266 2927 2329 2956 no-

339 2977 439 3014 stras
467 2984 562 3015 aevo
590 2976 786 3018 deteriore
816 2988 1088 3029 comparasse,
1120 2983 1160 3018 ut
1188 2979 1384 3027 eloquium
1413 2979 1624 3028 antiquitus
1652 2989 1674 3017 e
1703 2979 1861 3018 Graecia
1891 2979 1927 3017 iu
1957 2983 2111 3018 nostras
2146 2987 2236 3018 oras
2276 2979 2330 3017 iu-
