2652 3762
404 334 462 362 xvi

352 396 560 446 sessorem,
593 397 829 437 vincentium
861 398 1023 438 Battium
1052 398 1101 436 ab
1122 397 1306 446 Epistolis
1337 397 1606 438 Praefectus-ae
1634 399 1900 449 Archivorum,
1927 404 1965 439 et
1994 401 2217 444 chcricum
2238 403 2335 444 Mar·

352 459 528 507 giettium
559 460 671 499 huius
691 461 841 500 Archivi
863 461 1069 500 officialem
1090 460 1343 509 graecanicae
1368 461 1610 500 litteraturae
1631 472 1704 501 non
1725 463 1975 502 mediocriter
1991 465 2169 513 peritum.
2194 467 2337 506 instau-

350 525 471 558 ratam
492 522 566 560 hoc
585 526 698 570 pacto
718 525 942 563 societatem
963 523 1074 560 iussit
1093 522 1247 571 graecis
1266 524 1522 563 monumentis
1541 524 1709 563 animum
1730 527 1943 576 intendere,
1961 531 2000 565 et
2018 526 2164 566 eisdem
2185 531 2338 577 postha-

348 581 442 619 bere
463 587 705 622 monumenta
725 584 856 632 latina,
870 592 1033 631 quorum
1053 593 1138 621 eum
1154 584 1256 622 edita
1274 584 1348 621 iam
1364 584 1530 623 fuissent
1547 588 1737 633 quotquot
1754 586 1874 636 Regni
1892 587 2048 627 Siciliae
2062 598 2085 626 a
2102 587 2336 628 Nortmanno

351 642 520 692 Rogcrio
540 645 682 684 conditi
711 648 876 683 aetatem
903 646 1161 696 praeiverant,
1187 651 1340 686 caetera
1364 648 1506 697 omnia,
1528 658 1626 696 quae
1654 649 1884 697 publicanda
1913 655 2157 701 supererant,
2179 660 2254 690 non
2282 653 2335 690 in-

351 709 527 748 consulto
555 708 831 757 procrastinari
860 719 981 758 usque
1009 710 1107 750 adeo
1135 715 1329 761 poterant,
1361 711 1483 749 donec
1511 720 1739 759 graecorum
1768 713 2034 752 absolveretur
2061 713 2197 753 editio.

454 769 502 808 Ut
529 771 693 818 primum
722 770 848 809 cidem
877 771 1130 811 Archivorum
1159 771 1360 811 Praefecto
1390 772 1553 810 innotuit
1581 775 1712 811 extare
1741 773 1777 810 in
1807 774 1942 813 maiori
1973 774 2211 814 Bibliotheca
2239 773 2335 813 Nea-

346 832 516 880 politana
553 831 755 871 nonnullas
790 842 954 881 graecas
990 834 1234 872 membranas
1261 834 1538 883 apographus,
1569 832 1661 872 illuc
1689 833 1838 873 delatas
1867 839 1956 883 post
1983 836 2176 875 interitum
2213 845 2336 885 nuper

346 894 432 931 heic
462 893 605 931 laudati
636 893 835 933 Paschalis
864 894 996 947 Banu,
1027 896 1076 935 ad
1104 906 1217 944 quem
1246 896 1542 946 pertinuerant,
1571 900 1822 945 utrarumque
1850 899 2023 947 exempla
2052 899 2196 938 habere
2224 909 2336 938 cura-

349 958 412 996 vit.
446 957 483 995 ln
512 968 620 1007 spem
650 959 850 1009 ingressus
878 960 974 1010 l'ore,
997 963 1038 999 ut
1057 971 1103 999 ex
1121 961 1330 1008 provinciis
1359 961 1629 1010 neapolitanis,
1660 960 1723 999 ubi
1752 971 1935 1010 graecum
1966 962 2159 1011 eloquium
2188 963 2333 1003 diutius

344 1020 581 1069 perduravit,
612 1022 813 1070 corrogari
842 1022 916 1060 alia
945 1025 1106 1071 possent
1133 1021 1363 1060 documenta
1393 1022 1637 1071 graecanica,
1669 1022 1771 1061 viros
1800 1022 2061 1071 amplissimos
2086 1024 2249 1073 publicis
2278 1025 2331 1063 ibi

344 1083 462 1122 rebus
491 1084 805 1123 administrandis
834 1085 1079 1134 praepositos
1108 1086 1227 1124 semel
1257 1089 1372 1133 atque
1402 1086 1539 1124 iterum
1568 1086 1744 1124 hortatus
1772 1086 1856 1135 t‘uit,
1887 1090 1928 1125 ut
1955 1086 1987 1125 si
2016 1087 2108 1135 quid
2136 1087 2331 1127 Graecita-

343 1146 394 1184 tis
421 1147 521 1195 apud
553 1145 810 1186 Provinciales
838 1147 963 1185 adhuc
992 1148 1371 1197 deprehenderetur,
1402 1148 1476 1186 huc
1504 1148 1809 1187 transmitterent
1836 1149 1883 1187 ad
1914 1152 2069 1187 nostrae
2098 1149 2153 1188 rei
2184 1149 2329 1189 littera-

343 1208 425 1246 riae
454 1208 752 1258 iucrementum3
784 1208 863 1247 illic
882 1219 974 1248 vero
995 1210 1088 1247 nihil
1118 1210 1338 1248 huiusmodi
1368 1210 1651 1259 deprehensum
1672 1210 1791 1249 t'uisse
1812 1214 1967 1259 praeter
1994 1211 2143 1258 aliquot
2172 1210 2330 1260 Episco-

343 1269 441 1317 palis
470 1269 621 1309 Archivi
652 1269 811 1309 Neritini
839 1270 1097 1321 membranas,
1120 1272 1168 1309 de
1187 1272 1328 1319 quibus
1357 1281 1445 1310 mox
1468 1281 1597 1310 sermo
1626 1272 1844 1321 habebitur,
1874 1272 2119 1311 vehementer
2146 1271 2325 1311 indoluit.

341 1330 424 1370 lluc
452 1333 618 1372 accessit
646 1333 749 1382 quod
777 1334 920 1373 certior
949 1334 1072 1372 lactus
1109 1334 1181 1373 fuit
1217 1334 1471 1382 Kalephatum
1509 1335 1725 1373 valetudine
1761 1335 1936 1384 singulos
1974 1335 2010 1374 in
2039 1335 2123 1374 dies
2155 1335 2328 1384 ingrave-

339 1399 471 1433 scente
500 1407 521 1434 a
551 1396 790 1435 contexendo
818 1396 974 1446 Codice,
1005 1408 1117 1444 quem
1147 1397 1342 1445 pollicitus
1371 1400 1481 1446 erat,
1511 1397 1796 1445 supersedisse.
1827 1397 2083 1441 Quamobrem
2111 1397 2160 1436 ab
2188 1406 2235 1435 eo
2265 1406 2328 1446 pe-

338 1458 422 1497 tivit
451 1463 492 1498 ut
517 1470 657 1509 graeca
686 1460 907 1499 Casinensis
928 1461 1079 1499 Archivi
1101 1463 1344 1499 monumenta
1375 1460 1627 1499 exscribenda
1657 1463 1826 1508 curaret,
1848 1463 1886 1498 ct
1914 1459 2111 1508 Neapolim
2140 1462 2324 1508 mitteret,

339 1522 402 1561 ubi
432 1523 609 1562 mandata
636 1524 737 1573 typis
765 1534 850 1562 cum
880 1524 1041 1572 reliquis
1069 1529 1309 1573 ‹plautocyus
1337 1524 1498 1562 edendis
1527 1524 1736 1562 Graecismi
1760 1523 1944 1572 reliquiis
1963 1523 1998 1561 iu
2022 1524 2148 1562 lucem
2167 1532 2327 1571 conspe-

337 1592 517 1637 ctumque
546 1587 747 1627 doctorum
776 1588 971 1626 hominum
1001 1589 1214 1637 prodirent.
1252 1588 1409 1626 Multum
1445 1588 1589 1636 diuque
1623 1586 2013 1636 tergiversationibus
2051 1585 2325 1625 obluctandum

338 1651 438 1700 t'uit3
471 1650 540 1689 sed
569 1649 795 1699 flagitationi
825 1650 978 1689 taudem
1008 1651 1311 1689 obsecundatum
1341 1654 1414 1698 est,
1446 1649 1594 1689 devicta
1623 1660 1668 1688 ac
1698 1649 1913 1698 perdomita
1948 1648 2131 1688 illaudata
2160 1647 2326 1696 quadam

335 1712 541 1761 zelotypia,
573 1723 672 1759 quae
700 1713 945 1751 membranas
965 1713 1196 1752 Casinenses
1217 1724 1302 1752 cum
1323 1713 1575 1762 Neapolitano
1596 1713 1760 1751 Archivo
1780 1712 2054 1751 communicari
2084 1713 2247 1751 moleste
2274 1710 2328 1750 fe-

336 1774 457 1813 rebat.
474 1773 610 1813 Allatis
627 1774 745 1822 igitur
758 1774 1021 1812 casinensium
1039 1776 1356 1812 ‹locuinentorum
1373 1774 1609 1822 apographis
1625 1774 1762 1822 volupe
1778 1773 1849 1811 t’uit
1865 1777 1996 1811 tenere
2013 1773 2165 1811 demum
2183 1775 2221 1811 ct
2237 1781 2326 1810 con·

336 1837 477 1885 spicari
507 1835 610 1884 quod
630 1835 774 1874 trustra
795 1835 936 1872 iamdiu
967 1835 1228 1873 desideratum
1250 1835 1395 1881 t'uerat3
1420 1834 1490 1872 nisi
1513 1834 1616 1882 quod
1638 1833 1977 1882 interpretationes
2003 1834 2221 1881 latinaeque
2244 1839 2325 1872 ver-

336 1898 466 1936 siones
495 1907 516 1934 a
545 1895 759 1944 Kalcphato
788 1895 1001 1944 coniectae,
1032 1899 1070 1933 et
1099 1896 1213 1934 siuiul
1242 1906 1327 1934 eum
1356 1895 1592 1944 apographis
1621 1895 1695 1932 huc
1725 1894 1881 1942 missae,
1913 1895 2028 1943 louge
2048 1894 2253 1943 pauciores
2280 1897 2320 1932 et

335 1959 462 1998 minus
491 1960 669 1997 elimatae
698 1959 802 1997 visae
830 1962 932 2008 sunt,
963 1969 1076 2007 quam
1106 1969 1206 2007 quae
1226 1959 1274 1995 ab
1303 1958 1477 1997 eiusdem
1507 1957 1743 1996 coenobitae
1772 1957 1989 1996 eruditione
2009 1960 2046 1995 et
2066 1956 2238 1995 sollertia
2259 1966 2322 1994 ex-

336 2021 624 2070 spectabantur.
655 2020 866 2065 Quominus
895 2021 1005 2069 ptura
1035 2021 1099 2059 ille
1128 2020 1456 2068 castigatioraque
1485 2023 1725 2069 praestaret,
1755 2019 2029 2069 impedimento
2056 2018 2224 2058 sortasse
2254 2017 2325 2057 luit

334 2082 528 2131 valetudo,
559 2091 634 2130 qua
663 2082 778 2131 paulo
807 2085 896 2131 post
923 2081 1064 2120 lactum
1093 2085 1167 2130 est,
1197 2084 1238 2120 ut
1266 2081 1433 2120 nondum
1461 2081 1604 2119 devexa
1634 2081 1671 2120 in
1700 2081 1851 2120 senium
1879 2084 2008 2119 aetate
2036 2090 2058 2119 e
2083 2080 2178 2119 vivis
2205 2080 2327 2119 demi-

337 2146 518 2195 grarcrit.

442 2206 573 2253 ltaque
602 2205 813 2244 mittendus
842 2204 912 2243 l'uit
940 2205 988 2243 ad
1017 2204 1251 2244 coenobium
1281 2206 1490 2244 Casinense
1519 2215 1618 2244 unus
1645 2215 1691 2243 ex
1721 2205 1872 2244 Archivi
1909 2204 2029 2243 nostri
2059 2203 2323 2252 Ossicialibus‚

336 2272 398 2319 qui
429 2271 654 2319 apographa
685 2271 759 2309 huc
787 2281 807 2308 a
839 2264 1200 2319 lx'alephato‘missa
1231 2281 1316 2308 cum
1345 2270 1599 2318 autographis
1628 2270 1718 2307 inibi
1749 2268 1988 2307 exstantibus
2023 2277 2137 2316 quam
2165 2266 2326 2314 diligen-

332 2335 480 2373 tissime
510 2334 716 2372 cont'erret.
749 2333 784 2372 is
813 2334 883 2372 init
911 2333 1088 2371 nimirum
1118 2333 1327 2372 Fedcricus
1357 2332 1600 2381 [ilai-giottius
1626 2332 1661 2370 iu
1689 2331 1833 2370 Graeca
1864 2330 2168 2379 Palaeographia
2194 2328 2324 2367 admo·

330 2400 419 2436 dum
450 2401 640 2451 versatus,
671 2397 735 2446 qui
766 2398 1021 2445 deprehensis
1042 2401 1079 2435 et
1096 2397 1310 2435 emendatis
1339 2395 1605 2444 compluribus
1634 2398 1714 2433 tum
1743 2394 1959 2442 sententiis,
1989 2397 2069 2432 tum
2098 2391 2256 2431 vocibus
2284 2389 2325 2428 ti-

330 2464 391 2502 dei
422 2463 751 2511 autographorum
781 2463 1101 2510 repugnantibus,
1132 2461 1180 2499 ad
1209 2470 1279 2499 nos
1306 2460 1573 2498 recensionem
1604 2458 1744 2507 attulit,
1775 2457 1903 2506 quoad
1932 2458 2016 2495 eius
2044 2457 2126 2495 lieri
2154 2460 2321 2507 poterat,

330 2524 544 2563 absolutam
566 2527 603 2562 et
623 2523 846 2572 perfectam.
879 2522 1096 2561 Mandatum
1127 2522 1251 2560 eidem
1282 2521 1504 2570 ltlargiottio
1523 2519 1595 2558 tuit
1613 2528 1753 2558 munus
1780 2519 1881 2557 haud
1910 2519 2064 2568 perleve
2093 2518 2323 2574 conficiendi

330 2585 508 2634 exempla·
542 2595 587 2622 ex
624 2584 858 2622 membranis
896 2584 1049 2632 graecis
1087 2581 1284 2621 Tabularii
1322 2582 1503 2620 Curensis
1534 2609 1544 2630 ,
1579 2584 1618 2620 et
1646 2589 1691 2618 ex
1721 2579 1849 2618 latinis
1877 2588 2008 2617 earum
2044 2578 2287 2618 versionibus
2308 2606 2320 2628 ,

330 2660 425 2698 (luas
455 2649 652 2688 Paschalis
683 2649 835 2697 llaiiius,
868 2653 908 2687 ut
936 2659 1053 2697 supra
1083 2648 1262 2696 diximus,
1294 2647 1550 2686 concinnavit.

428 2715 522 2754 'l'um
551 2725 642 2754 vero
672 2724 763 2752 cura
792 2713 916 2752 omnis
945 2717 984 2750 et
1012 2712 1196 2760 cogitatio
1226 2721 1410 2750 conversa
1444 2711 1514 2749 tuit
1550 2711 1597 2749 ad
1627 2719 1790 2759 graecas
1826 2708 1941 2748 huius
1979 2707 2219 2756 Neapolitani
2249 2706 2319 2745 Ta-

326 2777 464 2817 bularii
495 2777 752 2816 membranas.
783 2774 926 2813 Ilarum
957 2775 1014 2813 rix
1044 2784 1190 2823 paucae
1219 2774 1384 2813 donatae
1405 2775 1478 2812 iam
1499 2773 1651 2811 lucrant
1679 2759 1994 2820 interpretatione
2026 2773 2064 2807 ct
2093 2768 2209 2807 latina
2238 2778 2319 2807 ver-

326 2839 449 2888 sione,
480 2847 639 2886 quarum
670 2840 832 2885 utraque
862 2837 988 2875 adhuc
1022 2835 1340 2884 castigationibus
1370 2834 1580 2883 indigebat.
1618 2834 1745 2871 Altera
1779 2832 1875 2870 haec
1908 2831 2227 2870 documentorum
2256 2839 2318 2868 co-

326 2901 386 2949 pia
414 2901 534 2939 mutto
563 2900 717 2949 quidem
746 2900 868 2938 maior
896 2902 980 2938 erat
1008 2909 1101 2947 prae
1131 2898 1290 2946 reliquis
1320 2909 1365 2936 ex
1386 2896 1549 2936 Archivo
1570 2900 1648 2935 tum
1668 2893 1842 2943 cavensi,
1863 2897 1944 2932 tum
1970 2892 2185 2942 Casinensi,
2208 2895 2246 2930 et
2271 2901 2318 2929 ex

327 2964 444 3013 Regia
476 2964 727 3015 Bibliotheca,
750 2967 790 3003 ut
810 2973 931 3013 iiupcr
959 2962 1138 3012 diximus,
1170 2961 1375 3011 exscriptis
1394 2970 1439 3000 ac
1460 2957 1676 3000 recensitis.
1701 2956 1900 3008 Scriptura
1927 2964 2046 3006 porro
2073 2955 2110 2994 in
2137 2953 2317 2994 omnibus
