2652 3762
2124 399 2209 427 mxl

268 479 307 515 et
334 475 504 526 usurpati
538 477 651 526 vulgo
680 476 832 515 ruerunt
854 503 864 523 ,
895 472 1067 522 quamvis
1096 472 1330 511 Graecorum
1359 471 1578 521 Principum
1615 475 1654 511 et
1681 473 1849 512 Arabum
1887 473 2139 514 dominationi
2169 475 2256 514 finis

267 539 409 579 iamdiu
436 540 573 580 fuisset
600 538 816 587 impositus.
850 536 1071 586 Exploratio
1099 545 1191 575 vero
1219 536 1440 576 huiusmodi
1462 546 1702 575 nummorum
1722 537 1785 585 iis,
1807 538 1872 585 qui
1893 537 2151 577 Oeconomica
2180 538 2255 577 hoc

267 610 362 640 aevo
381 599 737 650 praestantissimae
765 598 904 647 cuique
933 597 1160 646 disciplinae
1188 596 1334 645 optimo
1354 597 1437 636 iure
1458 599 1708 647 aequiparata
1737 602 2035 647 persequuntur,
2056 600 2156 638 viam
2177 609 2256 637 mu-

267 661 348 701 niet
379 661 654 711 expeditiorem
673 659 723 697 ad
742 659 946 698 ineundam
976 663 1189 706 temporum
1219 662 1438 696 nostrorum
1459 660 1783 707 comparationem
1805 669 1890 697 cum
1910 661 2184 699 vetustioribus
2204 660 2252 698 dc

268 722 395 770 pretio
428 725 507 759 tum
535 721 798 770 praediorum,
827 725 906 759 tum
936 720 1096 758 aliarum
1125 728 1271 766 rerum,
1301 728 1398 765 quas
1426 721 1671 759 membranae
1699 720 2054 759 commeminerunt.

372 783 576 821 chartulae
596 787 816 831 spectantes
835 783 883 822 ad
904 782 1112 830 Coenobia,
1135 791 1296 829 quarum
1317 780 1440 819 maior
1459 784 1519 819 est
1539 792 1735 830 numerus,
1759 783 1902 821 habent
1924 785 2125 831 praeterea
2147 782 2253 829 quid-

267 844 354 882 dam
373 844 526 883 omnino
546 845 755 894 peculiare,
778 856 846 883 cur
867 845 995 892 magni
1021 843 1219 882 l'aciendac
1239 842 1329 881 siut.
1355 842 1519 880 Primum
1541 842 1697 889 quidem
1718 853 1790 881 uon
1812 855 1932 892 pauca
1949 844 2036 882 inde
2052 843 2143 881 licet
2162 843 2255 880 hau-

267 906 362 956 rire,
392 907 532 955 quibus
561 906 731 946 instituta
761 908 994 946 Graecorum
1024 906 1307 945 coenobiorum
1336 905 1590 944 illustrantur.
1617 904 1759 943 Deinde
1780 907 2014 946 consulendo
2035 906 2256 944 huiusmodi

266 968 528 1008 chartularum
557 970 816 1019 perennitati,
856 969 1051 1008 fiscalibus
1075 978 1228 1016 quoque
1257 968 1470 1006 consulitur
1508 967 1735 1006 rationibus.
1768 967 1861 1006 Nam
1895 969 2159 1016 cognitissima
2187 978 2252 1006 res

265 1031 340 1078 esi,
369 1029 550 1078 quicquid
579 1030 669 1069 olim
698 1031 919 1069 eorumdem
956 1029 1237 1068 Coenobiorum
1258 1028 1341 1078 suit,
1373 1032 1575 1077 postquam
1605 1038 1650 1066 ea
1679 1028 1832 1066 fuerunt
1859 1029 2093 1079 vacuefacta,
2123 1033 2189 1068 aut
2216 1039 2256 1066 a·

265 1090 400 1140 halitu,
432 1090 543 1130 Fisco
572 1092 830 1130 adiudicatum
860 1101 971 1139 esse,
1002 1095 1040 1129 et
1067 1090 1252 1138 pleraque
1288 1090 1481 1129 Coenobia
1510 1090 1547 1128 in
1576 1090 1760 1129 Abbatias
1798 1090 1968 1129 evasisse
1986 1119 1996 1139 ,
2026 1101 2126 1138 quae
2154 1091 2256 1130 arbi-

264 1155 368 1191 tratu
397 1151 514 1202 Regis
542 1152 844 1202 impartit-entur,
874 1151 1019 1190 idcirco
1040 1150 1236 1189 subiectae
1266 1150 1464 1199 potestati,
1494 1160 1594 1198 quae
1614 1150 1727 1198 vulgo
1748 1149 1997 1189 Patronalus
2018 1149 2168 1198 Πιερίης
2188 1161 2259 1199 ap-

265 1215 445 1262 pellatur.
477 1213 558 1253 Non
587 1215 707 1254 semel
736 1214 912 1263 contigit,
933 1218 975 1253 ut
1002 1215 1101 1253 bona
1130 1213 1380 1252 Abbatiarum
1407 1213 1584 1252 homines
1612 1213 1711 1253 avidi
1740 1213 1830 1253 dolo
1856 1214 1957 1253 malo
1985 1213 2059 1252 sibi
2087 1214 2255 1262 adroga-

266 1275 402 1314 verint.
433 1274 504 1314 Ubi
534 1286 624 1315 vero
652 1277 748 1315 hacc
776 1275 975 1324 usurpatio
1005 1274 1226 1324 innotuerit,
1248 1283 1324 1323 quo
1353 1274 1506 1313 tandem
1535 1277 1649 1323 paeto
1678 1274 1759 1313 iura
1789 1274 1935 1313 fiscalia
1965 1274 2188 1323 praevalere
2215 1275 2256 1313 in

265 1336 433 1387 iudiciis,
462 1339 503 1376 ct
529 1337 798 1386 possessiones
827 1337 875 1375 ab
905 1336 1202 1386 usurpatoribus
1220 1335 1404 1374 vindicari
1431 1339 1627 1385 poterunt,
1658 1336 1730 1375 nisi
1760 1336 1989 1375 documenta
2018 1334 2259 1375 afferantur?

266 1397 359 1436 Tum
379 1407 470 1436 vero
499 1397 580 1435 tiori
611 1402 751 1447 potest,
781 1397 837 1446 (et
865 1408 997 1437 revera
1031 1398 1189 1436 saeculo
1227 1397 1400 1445 proxime
1429 1398 1638 1445 praeterito
1667 1397 1807 1436 factum
1837 1402 1897 1435 est
1925 1398 2182 1447 plerumque),
2217 1401 2259 1436 ut

266 1460 478 1510 chartulae,
500 1460 547 1499 de
567 1461 706 1509 quihus
737 1461 850 1500 verba
879 1460 1054 1508 iacimus,
1077 1461 1153 1498 tela
1173 1459 1458 1508 quodammodo
1478 1459 1739 1508 suppeditent,
1769 1459 1909 1508 quibus
1928 1469 1997 1498 sua
2017 1459 2151 1499 Fiscus
2171 1461 2258 1498 iura

264 1524 432 1573 tueatur,
449 1526 488 1561 et
514 1522 614 1562 hona
643 1522 783 1572 iniquis
811 1522 1105 1571 possessoribus
1133 1524 1266 1571 crepta
1295 1520 1530 1571 postliminio
1558 1520 1607 1558 ad
1631 1530 1674 1559 se
1703 1523 1872 1559 revocet.
1903 1519 2160 1563 Quamobrem
2190 1521 2257 1558 du-

265 1585 371 1626 bium
400 1596 489 1626 esse
522 1586 660 1624 nemini
691 1589 833 1635 potest,
863 1586 955 1634 quin
983 1586 1266 1625 coenobiorum
1296 1587 1557 1633 monumenta,
1587 1595 1608 1623 a
1628 1584 1767 1633 quibus
1796 1584 1962 1623 fortasse
1992 1584 2162 1622 nonnulli
2191 1584 2260 1622 ab-

265 1648 464 1697 horreant,
494 1651 598 1686 sarta
628 1650 726 1686 tecta
756 1646 943 1686 servanda
963 1646 1054 1696 siut,
1071 1650 1110 1686 ct
1129 1656 1202 1686 non
1224 1657 1358 1696 parum
1387 1646 1606 1686 detrimenti
1625 1655 1673 1685 ex
1692 1655 1826 1685 corum
1847 1645 2002 1685 interitu
2024 1644 2050 1684 F
2054 1645 2124 1685 isci
2146 1646 2260 1685 ratio·

266 1707 379 1747 nibus
407 1707 457 1747 sit
484 1707 850 1757 pertimescendum.

374 1768 587 1818 Utcumque
615 1779 705 1809 vero
733 1779 856 1818 genus
885 1769 960 1809 hoc
988 1769 1182 1819 utilitatis,
1203 1770 1252 1809 de
1272 1779 1348 1818 quo
1367 1769 1486 1809 locuti
1515 1779 1664 1820 sumus,
1694 1769 1892 1809 aestimari
1923 1770 2026 1819 velit,
2056 1769 2149 1809 illud
2171 1770 2254 1818 qui-

269 1834 356 1872 dem
384 1832 604 1881 ambiguum
634 1841 707 1871 uon
736 1836 811 1881 est,
842 1842 979 1881 nempe
1008 1833 1212 1881 plurimum
1242 1832 1488 1871 emolumenti
1518 1843 1634 1881 posse
1663 1844 1709 1871 ex
1738 1833 1810 1872 hoc
1839 1833 1994 1881 Syllaho
2015 1832 2062 1870 ad
2084 1832 2252 1879 discipli-

271 1907 357 1937 nam
386 1896 659 1947 philologicam
688 1896 901 1934 dimanare.
934 1895 1010 1934 Nos
1038 1896 1194 1944 quidem
1221 1896 1385 1935 latemur
1412 1897 1563 1935 exotica
1592 1899 1631 1935 el
1658 1896 1823 1935 barbara
1850 1895 2062 1944 vocabula,
2094 1895 2257 1933 soloeci-

268 1968 389 2008 smos,
418 1958 570 2007 aliaque
598 1957 807 1997 dictionum
835 1960 1011 2006 portenta
1033 1957 1069 1994 in
1091 1957 1287 2005 plerisque
1316 1956 1548 1995 membranis
1577 1956 1812 1995 coacervari.
1835 1957 1882 1995 At
1901 1965 2029 1995 sermo
2057 1959 2258 2003 quantum·

269 2020 327 2059 vis
354 2019 530 2058 iulleetus
557 2023 597 2057 ct
623 2018 804 2057 horridus
833 2021 1114 2066 nunquamvest
1140 2017 1356 2066 eiusmodi,
1396 2020 1436 2055 ut
1464 2017 1501 2055 in
1531 2027 1577 2055 eo
1608 2017 1817 2065 philologis
1855 2026 1930 2055 non
1967 2017 2018 2055 sit
2053 2016 2259 2053 immoran-

270 2082 374 2120 dum.
406 2081 570 2120 Primum
598 2082 699 2120 enim
728 2082 829 2120 iuvat
855 2081 943 2119 inde
971 2082 1174 2120 addiscere
1193 2085 1376 2129 quantum
1395 2081 1645 2129 discriminis,
1665 2082 1793 2128 quoad
1821 2081 1971 2119 dicendi
2002 2080 2258 2128 perspicuita-

272 2148 365 2192 tem,
383 2142 521 2181 latinas
537 2143 636 2180 inter
651 2146 690 2181 et
704 2152 868 2191 graecas
887 2146 1043 2182 nostras
1062 2142 1259 2182 chartulas
1278 2141 1506 2181 intercedat.
1531 2142 1683 2180 illarum
1704 2143 1804 2181 enim
1825 2142 2037 2180 sententiae
2059 2146 2160 2180 tanta
2182 2143 2261 2190 ple-

269 2215 431 2254 rumque
458 2204 710 2244 obvolvuntur
737 2204 919 2254 caligine,
951 2209 1004 2253 ut,
1035 2205 1174 2253 quibus
1203 2204 1323 2243 ibide
1343 2205 1459 2243 rebus
1487 2215 1616 2244 sermo
1645 2206 1709 2253 sit,
1731 2215 1843 2244 nemo
1864 2205 1935 2243 nisi
1957 2215 2097 2253 magno
2122 2205 2256 2244 labore

270 2270 515 2316 assequatur.
546 2265 687 2305 Contra
716 2276 738 2305 e
766 2265 952 2305 chartulis
982 2266 1135 2315 graecis
1163 2267 1276 2305 l'acile
1304 2266 1465 2316 cruitur,
1496 2266 1587 2314 quid
1607 2266 1680 2304 sihi
1710 2266 1838 2304 velint.
1873 2267 2108 2305 Graecanico
2143 2266 2261 2315 igitur

270 2328 427 2376 ingenio
456 2326 513 2366 vel
540 2336 609 2375 per
635 2326 830 2365 deteriora
859 2327 1014 2366 saccula
1044 2336 1117 2366 non
1147 2326 1271 2366 omnis
1300 2326 1420 2365 deluit
1447 2327 1704 2376 perspicuitas
1732 2327 1812 2376 illa,
1835 2337 1932 2375 quae
1953 2327 1990 2364 in
2011 2328 2258 2370 sexcentenis

269 2390 486 2429 litterarum
514 2390 769 2428 monumentis
797 2398 843 2427 cx
872 2388 1122 2428 vetustiorum
1149 2398 1378 2438 graccorum
1405 2389 1560 2438 iugenio
1589 2389 1774 2438 prosectis
1802 2389 1966 2428 immane
1991 2393 2172 2437 quantum
2193 2401 2257 2428 ex-

269 2452 501 2503 ptendesclt.

373 2515 452 2556 Nee
478 2525 570 2555 vero
598 2514 733 2564 exigua
763 2517 830 2553 aut
856 2515 1135 2554 contemnenda
1165 2515 1435 2554 vocabulorum
1465 2515 1690 2554 accessione
1710 2518 1842 2554 noster
1862 2515 1923 2553 hic
1950 2515 2128 2563 Syllabas
2150 2516 2258 2553 (ilosu

271 2578 416 2617 sarium
444 2575 595 2615 mediae
622 2579 661 2615 et
689 2575 840 2614 intimae
869 2575 1100 2615 Graecitatis
1129 2579 1258 2625 potest
1285 2576 1537 2625 locupletare.
1570 2576 1735 2624 Cangius
1764 2576 1909 2624 optimo
1939 2587 2030 2615 sane
2053 2577 2134 2614 inre
2165 2588 2254 2614 ‹mn—

269 2640 430 2687 questus
457 2636 542 2686 l'uit,
571 2636 674 2684 quod
701 2636 774 2675 sibi
797 2635 962 2676 Lexicon
991 2637 1073 2675 eius
1093 2636 1322 2675 Graecitatis
1351 2637 1568 2676 contexenti
1588 2637 1802 2676 defuissent
1825 2638 2033 2685 diplomata
2055 2642 2093 2677 et
2115 2638 2259 2686 privata

267 2700 511 2739 documenta.
541 2696 638 2736 lluic
665 2696 890 2737 doctissimo
918 2701 957 2736 et
986 2697 1179 2736 indefesso
1210 2697 1416 2737 deterioris
1435 2697 1518 2736 aevi
1539 2697 1773 2746 explorator-i
1803 2709 1823 2736 e
1845 2699 2079 2737 nostratibus
2105 2699 2260 2747 graecis

268 2761 492 2803 corumdem
520 2763 737 2816 temporum
763 2761 1018 2799 monumentis
1038 2760 1099 2800 vix
1117 2760 1280 2800 innotuit
1307 2771 1420 2799 unum
1438 2761 1552 2801 modo
1574 2759 1746 2810 Diploma
1777 2760 1930 2810 Rogerii
1952 2760 2107 2800 Siciliae
2125 2761 2258 2810 Regis,

267 2824 369 2875 quod
397 2824 499 2874 apud
527 2822 744 2873 Ughelllum
773 2823 1094 2873 deprehenderat.
1128 2823 1218 2861 lnde
1246 2824 1420 2862 haustam
1449 2834 1520 2863 suo
1541 2824 1576 2862 in
1599 2823 1796 2863 Glossnrio
1826 2824 1956 2863 retulit
1988 2834 2118 2863 vocem
2145 2826 2257 2874 napul-

267 2901 373 2930 mxov,
393 2885 454 2925 cui
481 2884 629 2925 danunt
654 2883 973 2933 significationem
1002 2894 1086 2923 cum
1116 2883 1293 2933 Ughettio
1321 2884 1481 2934 tribuit3
1518 2885 1589 2924 sed
1624 2888 1784 2933 uterquc
1812 2895 2030 2934 perperam.
2054 2884 2256 2924 Nostrates

269 2945 368 2986 enim
397 2944 566 2985 Graecos
594 2954 641 2984 eo
669 2944 822 2985 nomine
850 2945 1055 2984 denotasse
1092 2943 1275 2995 oppidum
1312 2943 1514 2984 Calabriae
1551 2944 1781 2985 Briatienm
1815 2944 1933 2994 liquet
1966 2955 2013 2984 cx
2050 2946 2255 2994 compluri-

269 3008 342 3047 bus
379 3006 465 3046 heic
501 3006 735 3047 membranis
756 3034 768 3057 ‚
807 3009 847 3046 ut
882 3006 920 3045 in
949 3006 1093 3056 Syllahi
1121 3005 1234 3047 huius
1272 3005 1400 3046 indice
1436 3006 1659 3047 adnotatum
1686 3010 1746 3047 est
1773 3007 1845 3047 sub
1883 3016 1974 3047 voce
2012 3006 2255 3055 Briatieum,
