2652 3762
430 342 500 370 xxii

482 413 551 457 Qui
579 415 794 459 temporum
823 412 1123 460 praeteritorum
1152 408 1358 450 annalibus
1385 411 1604 451 evolvendis
1632 412 1799 452 animum
1819 413 2036 468 advertunt,
2058 426 2126 456 eos
2149 418 2274 468 magis
2293 418 2356 457 de-

379 478 498 517 lectat
524 477 698 515 ediscere
719 486 847 515 rerum
868 476 1109 526 publicarum
1128 474 1429 526 vicissitudines,
1451 477 1659 525 ancipitem
1678 479 1868 519 bellorum
1887 479 2095 531 fortunam,
2122 483 2226 523 acics
2244 494 2357 532 prae-

378 540 432 578 lio
460 538 579 586 susas,
609 542 675 576 aut
703 539 967 578 internecione
995 537 1162 587 deletas,
1192 538 1309 576 urbes
1337 539 1452 578 modo
1480 539 1684 589 expilatus,
1715 543 1829 580 modo
1858 553 1879 581 a
1908 542 2165 582 fundamentis
2199 550 2355 596 erutas,

379 601 591 639 seilitimns
620 601 757 639 citium
786 601 823 639 in
852 604 1012 639 cruenta
1041 601 1295 649 luctuosaque
1325 602 1425 640 bella
1455 603 1633 640 intestina
1666 612 1926 656 erumpentes,
1958 607 2084 656 Reges
2112 617 2133 646 c
2162 609 2261 646 solio
2289 611 2356 647 mi-

378 661 583 700 serandum
612 662 648 699 in
679 662 832 700 modum
862 662 1105 700 deturbatos.
1136 663 1184 700 At
1211 664 1431 711 spectacula
1453 665 1548 702 haec
1569 668 1607 701 et
1625 665 1700 702 alia
1721 666 1759 703 id
1780 677 1916 718 genus,
1947 680 2046 718 quae
2074 669 2110 707 in
2134 679 2353 708 monumen-

378 727 428 764 tis
457 725 705 763 historiarum
735 734 848 772 quam
877 724 1107 774 saepissime
1136 730 1360 775 occurrunt,
1383 727 1516 765 solane
1537 726 1653 773 digna
1673 731 1775 777 sunt,
1797 740 1960 777 quorum
1989 731 2355 771 commemoratione

378 790 524 838 posteri
554 789 828 826 detineantur?
855 788 1006 837 vitane,
1037 799 1151 838 quam
1180 790 1349 828 maiores
1378 789 1552 838 privatim
1583 794 1808 839 exegerunt,
1830 792 1922 831 nibil
1944 795 2074 843 babet,
2096 795 2198 844 quod
2223 795 2356 834 doceri

376 850 602 897 cupiamus?
631 849 743 886 Certe
771 849 927 896 quidem
956 859 1066 898 aevo,
1096 859 1173 898 quo
1202 860 1274 888 nos
1302 850 1338 887 in
1368 849 1461 888 vivis
1490 849 1641 897 agimus
1659 879 1669 898 ‚
1700 860 1823 898 genus
1853 852 1945 891 illud
1973 856 2223 903 scriptionum
2247 884 2257 903 ‚
2296 855 2358 893 cui

377 908 673 947 neumnensium
703 909 960 949 ilistoriarum
989 920 1127 949 nomen
1157 909 1318 949 inditum
1347 910 1444 958 luit,
1485 919 1558 948 non
1590 911 1775 948 mediocri
1806 913 2000 960 voluptate
2031 916 2227 964 pertundit
2253 916 2359 956 lecti-

375 973 503 1008 tantes
531 979 575 1008 ea
604 969 846 1018 potissimum
872 971 921 1009 (le
949 981 1081 1020 causa,
1112 969 1215 1018 quod
1245 970 1478 1018 privatarum
1509 980 1637 1008 rerum
1667 972 1955 1011 narrationibus
1974 974 2117 1024 affluat,
2138 980 2177 1015 et
2205 977 2359 1016 interio-

374 1041 459 1071 rem
486 1031 600 1070 vitam
630 1031 842 1082 bominum,
872 1031 1163 1080 domesticaque
1191 1031 1318 1080 palam
1347 1031 1439 1069 facit
1467 1033 1639 1080 negotia.
1673 1032 1749 1070 lam
1778 1042 1868 1072 vero
1897 1035 2073 1084 tabulae,
2103 1038 2244 1084 quibus
2271 1047 2360 1076 con-

379 1098 542 1144 tractus,
573 1095 860 1144 conventiones,
891 1095 1079 1133 bonorum
1108 1094 1379 1143 alienationes,
1402 1094 1556 1142 aliaque
1577 1095 1796 1134 huiusmodi
1817 1097 2169 1146 commitebantur,
2191 1109 2263 1137 non
2285 1099 2362 1137 exi-

376 1165 490 1204 guam
507 1155 680 1205 prolecto
700 1155 881 1193 exhibent
901 1159 1049 1203 partem
1065 1164 1210 1204 rerum,
1228 1165 1328 1203 quae
1348 1155 1533 1203 privatam
1554 1155 1701 1193 vivendi
1723 1156 1910 1195 rationem
1930 1157 2156 1205 respiciunt.
2175 1158 2363 1201 Quamob-

374 1228 459 1256 rem
487 1227 598 1256 nemo
627 1227 694 1255 cas
714 1218 799 1255 iure
828 1220 1060 1265 contemnet,
1082 1228 1128 1256 ac
1148 1217 1366 1266 repudiabit
1385 1227 1430 1256 eo
1451 1217 1589 1265 magis,
1620 1218 1723 1265 quod
1751 1219 1788 1256 in
1818 1219 1878 1258 his
1907 1219 2088 1268 quicquid
2116 1221 2163 1259 de
2188 1221 2262 1260 vita
2291 1222 2366 1270 pri-

375 1283 461 1317 vata
498 1280 720 1328 edocemur,
750 1288 824 1317 non
854 1278 1154 1317 commentitium
1184 1282 1258 1327 est,
1281 1289 1406 1326 neque
1426 1288 1472 1316 ex
1492 1279 1644 1326 poetica
1672 1279 1838 1328 tingendi
1859 1285 1942 1319 arte
1963 1282 2235 1332 proficiscitur,
2254 1283 2322 1321 scd
2343 1294 2364 1321 e

375 1340 616 1379 documentis
635 1349 735 1388 quae
755 1339 992 1378 ineluctabili
1021 1339 1218 1388 praesidio
1248 1339 1422 1378 veri-tatis
1451 1339 1677 1379 innituntur.
1699 1340 1793 1380 lleic
1814 1352 1903 1381 vero
1925 1353 1945 1381 e
1961 1353 2003 1381 rc
2020 1346 2107 1381 nata
2127 1343 2231 1381 aliud
2251 1343 2363 1382 nobis

376 1404 605 1443 obversatur
632 1403 815 1442 momenti
843 1402 958 1452 longe
987 1403 1178 1451 gravioris
1215 1407 1486 1452 argumentum
1505 1433 1515 1453 ,
1554 1414 1624 1442 cur
1651 1407 1830 1444 omnibns
1864 1408 1915 1444 sit
1947 1417 2175 1455 persuasum
2212 1411 2366 1447 nostras

374 1467 621 1506 membranas
648 1466 945 1516 haudquaquam
974 1466 1238 1506 accensendas
1266 1467 1404 1507 vetusti
1433 1469 1516 1507 aevi
1545 1470 1781 1518 quisquiliis,
1812 1480 1910 1518 quas
1939 1479 2012 1508 non
2039 1471 2229 1510 immerito
2257 1473 2367 1519 quis-

377 1538 492 1575 quam
521 1529 716 1578 explodat,
746 1532 812 1567 aut
838 1529 1033 1569 exsibilet.
1064 1528 1224 1568 Constat
1251 1529 1352 1568 enim
1382 1530 1525 1569 nullam
1554 1530 1748 1570 llistoriae
1776 1532 1825 1570 de
1853 1532 1971 1570 rebus
1992 1531 2253 1580 Neapolitanis
2281 1542 2366 1580 par-

377 1596 454 1631 tem
483 1593 609 1642 magis
637 1602 773 1631 carere
800 1594 1074 1643 monumentis,
1104 1603 1220 1641 quam
1252 1603 1352 1642 quac
1380 1593 1429 1632 ad
1457 1593 1628 1633 Graecos
1657 1597 1851 1633 nostrates
1879 1594 2061 1643 pertinet,
2090 1597 2173 1633 toto
2201 1603 2248 1633 eo
2274 1597 2368 1632 tem-

377 1653 486 1700 poris
515 1653 655 1702 spatio,
686 1654 788 1701 quod
818 1655 960 1693 Aerum
990 1653 1155 1693 Medium
1184 1655 1387 1694 vocitatur.
1420 1654 1600 1693 Fatemur
1628 1656 1782 1703 quidem
1821 1665 1894 1694 nou
1924 1655 2096 1694 defuisse
2125 1655 2368 1704 chronogra-

377 1715 478 1762 phos
506 1715 668 1764 aliquot,
690 1715 754 1763 qui
775 1726 846 1764 per
873 1727 918 1755 ea
948 1720 1122 1766 tempora
1147 1726 1280 1755 rerum
1310 1720 1530 1755 nostrarum
1558 1717 1704 1765 aliquid
1733 1716 1954 1766 posteritati
1983 1716 2252 1766 prodiderunt,
2281 1719 2321 1755 et
2344 1727 2367 1754 a

376 1775 590 1816 Muratorio
618 1777 717 1817 inter
746 1789 875 1816 rerum
905 1780 1119 1818 italicarum
1150 1779 1372 1829 Scriptores
1400 1783 1439 1818 et
1466 1780 1516 1821 ab
1543 1780 1630 1819 aliis
1658 1784 1829 1819 veterum
1862 1780 2056 1819 annalium
2083 1780 2368 1820 Col-lectoribus

378 1841 471 1880 editi
501 1841 668 1881 luerunt.
701 1841 778 1880 Sed
806 1844 872 1891 qui
902 1844 1065 1892 cupidus
1093 1843 1354 1882 addiscendae
1391 1843 1586 1882 Historiae
1625 1843 1860 1882 Graecorum
1889 1843 1926 1882 in
1960 1843 2104 1883 nostris
2141 1843 2368 1892 regionibus

379 1912 448 1942 eos
477 1903 675 1952 evolverit,
707 1907 782 1941 tam
812 1914 934 1952 panca
955 1903 1137 1951 inveniet,
1158 1907 1200 1942 ut
1219 1907 1364 1951 quan-to
1394 1904 1577 1943 uberiore
1606 1914 1735 1943 rerum
1756 1904 1890 1943 notitia
1911 1914 2074 1953 pascere
2093 1904 2260 1942 animum
2280 1912 2368 1951 spe-

379 1965 507 2014 rabat,
544 1967 648 2003 tanto
670 1964 835 2003 ieiunior
856 1964 945 2003 inde
973 1964 1176 2003 discedere
1205 1964 1278 2003 sibi
1308 1965 1496 2003 videatur.
1530 1965 1568 2003 ln
1598 1968 1701 2003 tanta
1731 1965 1850 2014 igitur
1877 1968 2211 2003 monumentorum
2240 1963 2370 2012 inopia

381 2028 488 2066 lasne
514 2027 690 2075 cuiquam
721 2028 795 2067 erit
822 2027 1023 2076 aspernari
1053 2027 1307 2075 graecanicae
1328 2029 1444 2066 hasce
1465 2028 1739 2067 membranas?
1768 2028 1910 2077 Ecquis
1939 2032 2016 2066 tam
2045 2027 2241 2066 inimicum
2269 2030 2372 2066 vetu-

380 2088 488 2138 stati,
519 2092 558 2126 et
584 2088 775 2126 communi
806 2098 920 2127 sensu
947 2092 1028 2126 tam
1054 2088 1282 2126 destitutum
1309 2088 1478 2126 animum
1507 2093 1632 2138 geret,
1656 2093 1697 2127 ut
1716 2099 1783 2127 eas
1804 2093 1962 2128 censeat
1990 2088 2233 2136 deserendas,
2259 2092 2300 2126 ut
2319 2087 2374 2126 ait

383 2150 462 2199 ille,
492 2152 538 2189 in
564 2151 704 2188 vicum
731 2150 978 2188 vendentem
1005 2150 1113 2198 llius,
1145 2153 1183 2188 et
1211 2159 1437 2198 arnernum,
1473 2149 1523 2189 Et
1547 2151 1684 2199 piper,
1725 2155 1763 2190 et
1801 2150 2006 2200 quidquid
2041 2150 2195 2188 chartis
2229 2150 2374 2188 amiei-

382 2216 448 2251 ναν
474 2212 657 2261 ineptis?
685 2214 733 2250 At
760 2212 875 2260 longe
904 2212 1018 2250 iditer
1045 2211 1186 2251 sentiet
1215 2211 1479 2260 iurisperitus,
1503 2213 1566 2260 qui
1589 2213 1675 2251 heic
1705 2213 1910 2261 dignoscet
1929 2224 1974 2250 ac
1994 2211 2256 2260 meditabitur,
2279 2222 2372 2259 qua-

382 2283 467 2311 nam
498 2275 598 2321 apud
628 2273 798 2312 Grac-cos
828 2272 1084 2311 calabrenses
1113 2271 1263 2311 rati-one
1293 2273 1563 2311 consueverint
1591 2273 1679 2311 lites
1708 2273 1859 2322 dirimi,
1896 2273 2051 2322 nuptiae
2079 2273 2255 2311 contrabi
2272 2300 2284 2321 ,
2315 2275 2369 2310 te-

381 2338 573 2372 stam-enta
603 2334 768 2383 exarari,
800 2334 958 2382 pra-edin
986 2333 1045 2372 vel
1074 2334 1210 2372 donari
1239 2333 1299 2372 vel
1328 2332 1481 2372 divendi
1510 2334 1741 2381 praesertim
1762 2344 1783 2371 a
1805 2334 1964 2372 Graecis
1997 2333 2239 2381 mulieribus,
2269 2342 2369 2380 quae

381 2397 455 2434 sub
485 2399 670 2445 perpetua
698 2399 737 2434 ct
764 2396 872 2444 ipsae
900 2396 1019 2434 tutela
1048 2395 1163 2434 vitani
1193 2395 1376 2444 agebunt,
1398 2394 1707 2443 emphyteuticae
1727 2395 1904 2442 aliaeque
1925 2395 2010 2432 iniri
2032 2394 2301 2442 stipulationes
2321 2394 2371 2431 ad

382 2458 667 2504 provehendam
697 2458 885 2496 culturam
915 2467 1100 2506 agro-rum
1130 2461 1168 2495 et
1197 2456 1373 2505 inp-rimis
1402 2456 1615 2505 olivarum,
1645 2457 1748 2504 quod
1777 2457 1960 2495 arborum
1988 2455 2273 2494 fructiferarum
2302 2464 2368 2502 ge-

382 2531 457 2559 nus
486 2521 522 2558 in
554 2521 706 2570 lapygia
726 2524 764 2558 et
784 2520 961 2558 Calabria
981 2529 1026 2558 ea
1046 2523 1277 2568 tempestate
1306 2519 1509 2568 insigniter
1537 2523 1760 2558 accuratum
1789 2520 1874 2569 suit,
1897 2523 1935 2558 et
1954 2530 1974 2557 a
2002 2518 2169 2567 posteris
2189 2518 2374 2566 deinceps

386 2585 575 2621 nesiorum
606 2594 761 2622 snorum
792 2583 951 2632 vestigia
981 2583 1294 2622 consectantibus
1325 2583 1375 2621 ita
1406 2582 1599 2622 excuttum
1628 2585 1963 2631 propagatumque
1991 2582 2076 2630 tuit,
2099 2584 2140 2618 ut
2159 2589 2254 2628 opes
2282 2578 2371 2618 inde

385 2645 660 2683 cuinulatiores
690 2645 725 2682 in
753 2654 820 2683 eos
849 2643 1115 2682 redundarint.
1145 2643 1217 2681 ⁴lte-i
1244 2652 1362 2692 porro
1393 2643 1630 2681 nummariae
1659 2642 1835 2682 studioso
1864 2643 1938 2681 erit
1965 2651 2058 2680 sane
2094 2638 2374 2688 periucundum

386 2708 604 2755 expendere
632 2708 785 2748 nomina
814 2712 853 2746 et
880 2707 1188 2746 aestimationem
1218 2716 1474 2755 antummum,
1505 2716 1669 2754 quorum
1699 2705 1898 2753 multiplex
1925 2713 2048 2753 gemis
2077 2701 2150 2741 sibi
2171 2701 2267 2739 haec
2295 2709 2375 2739 mo-

389 2772 566 2806 numenta
595 2769 810 2817 perlegenti
839 2769 1038 2816 occurrit,
1069 2778 1113 2806 ac
1143 2768 1351 2816 praecipue
1379 2767 1612 2815 Miehelati,
1654 2766 1795 2804 nummi
1825 2764 2015 2814 byzantini
2053 2763 2100 2800 ab
2135 2761 2373 2810 imperatore

387 2827 575 2867 {dictincta
604 2829 949 2868 nomedelationem
977 2828 1154 2877 mutuati,
1184 2828 1250 2876 qui
1279 2828 1426 2866 velsub
1447 2827 1769 2866 Nortiuauuorum
1799 2825 2030 2874 principatu,
2061 2825 2175 2870 prout
2194 2831 2373 2860 exmem-

387 2888 519 2926 branis
546 2889 617 2927 sub
647 2891 816 2929 nutrieris
844 2890 881 2939 l,
918 2889 947 2928 ll
976 2893 1015 2928 et
1044 2889 1090 2929 lll
1120 2890 1242 2939 partie
1270 2889 1414 2938 prieris
1441 2887 1674 2936 appe-adicis
1701 2887 1743 2925 lit
1771 2885 2061 2924 testatissimum
2080 2911 2090 2930 ,
2126 2882 2226 2920 inter
2261 2882 2375 2921 Grae-

388 2961 456 2991 cos
477 2956 669 2993 nostrates
688 2953 936 2994 obtinuerunt
954 2953 1129 3005 perinde,
1143 2957 1260 3003 atque
1279 2953 1423 2994 nummi
1443 2952 1610 2992 Arabum
1630 2950 1679 2990 ad
1699 2949 1907 2989 Srerorum
1926 2950 2091 2987 aetatem
2109 2955 2231 2994 usque
2247 2945 2375 2985 reeusi
