2652 3762
2127 368 2216 398 xxxx

378 457 417 497 4.
446 464 509 496 MP
532 464 590 496 er
601 480 640 488 μ.
653 460 683 508 †
697 462 758 495 xa
783 459 842 493 no
866 441 1064 491 ΡΩΜῈΡῙ
1085 452 1224 489 Kome
1241 450 1509 486 KAAATPHAC
1530 453 1588 484 ΚΕ
1604 448 1832 486 cnKnAiAc
1849 439 1912 484 ’ΚΕ
1927 450 2023 484 ΤΩΝ
2038 446 2264 483 ΧΡΗΕΤΗΑ-

276 528 343 561 ΝΩ
368 525 564 561 imaeue:
586 521 687 560 idest
704 523 859 556 ΜΗΤΗΡ
881 520 1181 554 emr-xrrm
1206 517 1448 554 nouenzon
1474 517 1707 551 ΡΩΝΓΕΡιΩ
1726 512 1802 550 etc.
1824 509 1945 551 Mater
1959 507 2263 551 Dei—>Domine

277 581 464 622 auxiliare
493 581 662 632 Rogerio
689 577 827 618 Comiti
856 575 1058 616 Calabriae
1083 577 1123 615 et
1149 573 1307 613 Siciliae
1335 575 1375 612 et
1401 572 1708 613 Christianorum
1735 570 1919 612 adiutori.

378 643 417 684 5.
447 643 649 692 Inscriptio
676 644 739 680 est
764 639 915 689 eadem,
944 649 1059 688 quam
1085 636 1242 677 exbibet
1267 635 1504 676 antecedens
1530 635 1717 685 sigillum.

380 707 418 747 6.
446 710 563 746 ΧΡτΣ
591 710 758 742 lin—To
782 707 849 742 Co,-
871 709 1029 741 aomo
1054 706 1248 739 mmm:
1265 699 1366 739 idest
1378 704 1547 740 ΧΡΙΣΤΕ
1571 704 1815 742 ΒοΗΘΗΣοΝ
1829 703 1891 737 To
1913 702 1981 739 ΣΩ
1996 703 2154 736 aomo
2170 705 2261 737 (ΛΑ-

281 775 395 810 Pno:
425 768 578 807 christe
605 765 980 806 auxiliare—Servo
1007 768 1074 804 tuo
1102 761 1304 802 llilarioni.

382 829 522 869 Nostra
550 828 656 868 tertii
683 827 800 877 sigilli
830 826 1099 877 interpretatio
1126 823 1253 874 quoad
1273 831 1407 862 vocem
1435 820 1751 869 Lonqobardiae
1779 822 1975 872 discrepat
2001 821 2050 862 ab
2074 821 2265 871 interpre-

278 878 422 933 tatione
451 896 529 931 tum
558 890 626 930 viri
656 890 869 930 doctissimi
899 888 1095 929 Francisci
1124 885 1283 926 Avellini
1311 884 1385 934 (l),
1415 887 1494 924 tum
1524 883 1737 923 Genuensis
1765 884 1880 923 modo
1913 884 2083 934 laudati,
2113 887 2153 924 et
2181 883 2266 923 Sal-

278 953 422 993 vatoris
450 951 570 991 Cirilli
600 950 671 1002 (2).
703 951 742 990 ln
771 951 911 991 litteris
939 956 1012 998 Λογ
1031 957 1165 988 eorum
1184 946 1290 997 prior
1309 945 1514 995 legendum
1536 954 1624 983 esse
1642 951 1783 994 Λοκρου,
1805 944 1942 993 reliqui
1958 945 2034 984 duo
2053 945 2168 994 Λογιώ
2190 943 2267 985 sibi

277 1016 568 1064 persuaserunt.
589 1013 639 1053 At
656 1023 789 1052 eorum
819 1009 1126 1061 interpretationi
1155 1007 1377 1048 coniectura
1406 1005 1612 1055 quaedam,
1643 1008 1798 1045 nostrae
1826 1014 1918 1045 vero
1938 1005 2174 1054 suffragatur
2200 1016 2266 1045 au-

277 1075 438 1115 ctoritas
462 1079 811 1123 monumentorum,
841 1083 940 1122 quae
968 1072 1055 1111 beic
1082 1071 1204 1110 babes
1231 1069 1350 1119 edita,
1373 1068 1437 1108 ubi
1467 1068 1612 1107 diserte
1646 1067 1853 1116 nuncupati
1883 1066 2053 1116 Strategi
2074 1070 2139 1106 aut
2158 1067 2267 1107 Cata-

277 1137 366 1188 pani
396 1137 690 1188 Longobardiae
725 1138 935 1177 occurrunt
962 1133 1205 1173 Graecorum
1228 1131 1368 1180 Duces,
1397 1130 1539 1180 quibus
1576 1132 1733 1169 nostrae
1760 1129 1852 1198 olim
1873 1128 2092 1178 provinciae
2120 1129 2269 1168 obtem-

277 1201 477 1250 perarunt,
507 1197 622 1248 idque
650 1195 921 1247 Peregrinius‚
951 1194 1130 1245 Troyius,
1168 1192 1313 1242 aliique
1345 1201 1476 1232 rerum
1504 1194 1725 1232 nostrarum
1757 1193 1970 1240 scriptores
2001 1189 2124 1240 probe
2151 1188 2269 1229 adno-

281 1262 425 1300 tarunt.

1174 1425 1373 1480 XIII.

385 1619 572 1669 Superest
599 1620 768 1668 demum,
789 1621 831 1656 ut
849 1617 898 1656 de
926 1616 1150 1658 earumdem
1177 1616 1489 1656 membranarum
1517 1615 1685 1656 utilitate
1712 1615 1859 1666 aliquid
1888 1623 2200 1668 praemoneatur.
2233 1619 2275 1659 ld

282 1682 498 1732 argumenti
526 1691 574 1720 ne
602 1680 839 1730 primoribus
858 1679 1013 1735 quidem
1033 1679 1169 1730 labris,
1190 1682 1233 1718 ut
1250 1678 1326 1718 dici
1347 1679 1462 1729 solet,
1492 1679 1740 1719 delibandum
1761 1680 1874 1721 nobis
1893 1681 2006 1732 roret,
2033 1682 2066 1722 si
2095 1683 2274 1723 habenda

281 1745 386 1783 esset
413 1741 512 1781 ratio
540 1742 736 1780 dumtaxat
762 1750 918 1789 eorum,
947 1740 1013 1789 qui
1042 1740 1116 1779 boc
1143 1749 1238 1779 aevo
1266 1739 1369 1789 apud
1398 1749 1469 1779 nos
1496 1740 1738 1789 antiquitatis
1765 1741 1895 1781 studia
1923 1747 2197 1784 consectantur
2224 1756 2272 1784 ea

281 1814 402 1855 prope
430 1796 639 1854 cupiditate
660 1832 670 1852 ‚
702 1813 775 1851 qua
807 1802 1039 1842 Mun-aterius
1067 1803 1225 1842 saeculo
1257 1803 1462 1852 superiore
1485 1832 1495 1852 ,
1532 1806 1572 1842 et
1601 1802 1773 1844 Pertzius
1801 1806 1959 1846 saeculo
1994 1811 2127 1847 nostro
2156 1808 2194 1846 in
2223 1819 2271 1847 ea

280 1865 548 1905 incubuerunt.
579 1865 627 1904 At
654 1864 769 1913 louge
797 1864 927 1913 plures
956 1873 1115 1903 numero
1144 1867 1247 1912 sunt,
1277 1864 1343 1913 qui
1371 1864 1488 1902 bodie
1516 1864 1611 1903 nibil
1638 1866 1838 1914 antiquum
1865 1867 2132 1917 amplexantur
2161 1873 2199 1909 et
2219 1870 2274 1909 io-

281 1931 383 1978 vent,
415 1927 487 1966 nisi
516 1926 778 1966 condoeel'acti
809 1926 917 1975 prius
945 1925 1022 1964 sint
1047 1925 1193 1974 aliquid
1223 1925 1312 1964 inde
1339 1924 1579 1965 fructuosum
1606 1936 1725 1975 posse
1753 1930 1986 1977 comparari.

388 1987 468 2027 Non
498 1988 548 2026 ita
578 1987 732 2035 quidem
761 1996 831 2026 nos
859 1996 1064 2035 perperam
1091 1986 1322 2035 iudicamus,
1352 1990 1394 2025 ut
1412 1987 1592 2026 omnibus
1620 1987 1729 2026 hisce
1756 1990 1992 2030 membranis
2015 2001 2101 2030 eam
2128 1992 2274 2032 tribua·

284 2059 368 2089 mus
395 2050 668 2098 praestantiam
696 2052 735 2086 et
763 2047 980 2096 utilitatem,
1010 2046 1151 2094 quibus
1180 2047 1380 2094 praeditae
1416 2050 1507 2085 sunt
1529 2051 1585 2086 tot
1603 2049 1704 2087 aliae
1725 2051 1925 2089 vetustatis
1947 2052 2148 2102 reliquiae,
2171 2055 2274 2093 unde

285 2122 361 2152 non
390 2121 523 2161 parum
552 2111 650 2149 lucis
678 2109 846 2149 saeculis
882 2108 1140 2148 tenebricosis
1176 2107 1399 2147 all'uuditur.
1436 2108 1530 2147 Nam
1563 2119 1756 2158 perpauca
1786 2112 1872 2150 heic
1908 2119 2117 2154 occurrunt
2153 2115 2276 2165 diple·

286 2175 403 2221 mata,
433 2171 574 2220 quibus
604 2170 861 2219 imperatores
890 2168 1141 2218 Graecorum,
1170 2171 1238 2208 aut
1265 2169 1388 2208 nostri
1418 2169 1544 2218 Reges
1573 2174 1612 2209 et
1640 2170 1866 2220 Toparchac
1894 2174 2122 2215 donationes
2142 2180 2181 2216 et
2200 2177 2279 2226 pri-

288 2231 428 2281 vilegia
458 2231 495 2270 in
525 2231 738 2280 Ecclesias,
768 2233 808 2269 et
835 2229 1028 2268 Coenobia
1056 2229 1316 2268 contuleruut.
1349 2229 1532 2279 Reliquae
1561 2232 1808 2271 membranae
1840 2234 2024 2275 exhibent
2051 2237 2280 2278 donationes

288 2295 524 2344 privatorum
552 2294 765 2342 bominum,
796 2295 1040 2340 testamenta,
1071 2291 1224 2332 tabulas
1254 2294 1462 2343 nuptiales,
1493 2294 1732 2335 venditiones
1752 2296 1832 2336 sive
1860 2299 2028 2349 aedium,
2059 2301 2139 2340 sive
2168 2312 2280 2351 prae-

288 2353 455 2405 diorum,
487 2359 526 2394 et
553 2354 780 2403 sententias,
811 2353 953 2402 quibus
983 2353 1132 2393 ludices
1161 2354 1250 2394 lites
1278 2354 1395 2393 modo
1423 2355 1524 2394 inter
1550 2356 1737 2407 privatos,
1768 2358 1882 2398 modo
1912 2360 1982 2400 bos
2011 2360 2110 2401 inter
2136 2367 2175 2402 et
2203 2363 2282 2404 Μο-

288 2421 455 2461 uasteria
485 2421 644 2459 obortas
673 2420 927 2470 diremerunt.
968 2419 1015 2457 At
1053 2429 1256 2468 perperam
1294 2419 1523 2460 iudicaverit
1549 2423 1614 2471 qui
1647 2433 1696 2462 ex
1725 2423 1945 2468 huiusmodi
1982 2426 2206 2476 diplomatis
2243 2431 2284 2468 et

291 2482 478 2521 chartulis
507 2481 600 2519 nibil
629 2480 741 2528 erui,
773 2479 875 2527 quod
904 2478 986 2518 aevi
1015 2479 1210 2529 sequioris
1239 2481 1440 2520 historiam
1468 2486 1586 2531 queat
1612 2483 1742 2532 aliqua
1770 2485 1922 2526 ratione
1950 2487 2146 2528 illustrare
2168 2518 2179 2539 ‚
2210 2490 2278 2528 ob-

292 2547 432 2585 stinate
461 2545 682 2584 contendat.
715 2544 836 2583 Secus
865 2544 1020 2583 omnino
1048 2554 1137 2583 sese
1166 2555 1247 2584 rem
1276 2545 1422 2585 babere
1455 2557 1579 2596 nuper
1617 2551 1780 2588 testatus
1809 2553 1869 2589 est
1899 2549 2037 2600 loseph
2063 2550 2112 2590 de
2142 2550 2281 2590 Blasiis

294 2606 487 2645 ilistoriae
516 2606 751 2644 Antecessor
779 2604 816 2643 iu
844 2604 965 2654 Regio
993 2604 1248 2655 Neapolitano
1277 2607 1611 2658 Archigymnasio‚
1640 2609 1707 2658 qui
1735 2620 1822 2649 cum
1850 2610 1999 2659 aliquot
2032 2612 2278 2651 membranas

290 2668 349 2708 vix
369 2679 389 2707 a
411 2668 522 2707 nobis
542 2667 666 2706 editas
695 2666 941 2717 inspexisset,
972 2670 1107 2708 nactus
1129 2669 1180 2708 ibi
1202 2673 1262 2710 est
1282 2671 1469 2721 pleraque
1498 2671 1757 2722 scriptoribus
1785 2674 1950 2714 antehae
1978 2675 2125 2726 ignota,
2155 2685 2279 2724 eaque

289 2729 486 2779 usurpavit
520 2729 592 2780 (3),
623 2732 663 2767 ut
691 2728 828 2767 iisdem
859 2733 1068 2770 exornaret
1094 2730 1320 2772 historicam
1348 2733 1657 2774 lucubrationem
1686 2744 1795 2774 suam
1825 2735 1873 2776 de
1897 2735 2131 2778 Barensium
2152 2737 2284 2786 advers

292 2801 361 2832 sus
390 2791 577 2831 Graecum
606 2790 812 2840 imperium
841 2791 1047 2842 seditione,
1078 2795 1117 2832 et
1145 2793 1193 2834 de
1220 2794 1389 2834 adventu
1420 2794 1759 2847 Nortmannorum.

376 2910 424 2951 (1)
446 2909 625 2942 biblioteca
645 2910 806 2943 analitica
826 2920 913 2944 anno
939 2912 1002 2944 vu.
1026 2921 1115 2946 ηυηι.
1138 2914 1190 2947 IV.
1211 2921 1292 2955 paq.
1317 2915 1389 2949 101.

376 2963 423 3002 (2)
446 2964 570 2994 Lattara
590 2971 690 3003 sopra
710 2972 756 2996 un
777 2965 1007 2998 molibdobutlo
1032 2967 1143 2999 Greco.

377 3014 426 3054 (3)
448 3014 493 3046 ια
513 3015 737 3048 Insiirrezione
757 3016 905 3057 ruptim
925 3025 943 3049 e
964 3018 999 3050 ta
1023 3017 1196 3059 coitquieia
1216 3019 1403 3052 Normanna
1423 3021 1477 3054 nel
1497 3022 1602 3055 secolo
1623 3022 1679 3062 XI,
1702 3023 1766 3055 voi.
1794 3023 1822 3056 1.
1843 3031 1923 3064 pay.
1946 3024 1987 3057 26
2009 3027 2038 3057 et
2061 3025 2153 3057 alibi.
