<?xml version="1.0" encoding="UTF-8"?>
<!DOCTYPE html PUBLIC "-//W3C//DTD XHTML 1.0 Transitional//EN"
    "http://www.w3.org/TR/xhtml1/DTD/xhtml1-transitional.dtd">
<html xmlns="http://www.w3.org/1999/xhtml" xml:lang="en" lang="en">
 <head>
  <title>
</title>
<meta http-equiv="Content-Type" content="text/html;charset=utf-8" />
  <meta name='ocr-system' content='tesseract 3.04.00' />
  <meta name='ocr-capabilities' content='ocr_page ocr_carea ocr_par ocr_line ocrx_word'/>
</head>
<body>
  <div class='ocr_page' id='page_1' title='image "./syllabusgraecaru00trinuoft_0607.png"; bbox 0 0 2560 3646; ppageno 0'>
   <div class='ocr_carea' id='block_1_1' title="bbox 1188 385 1390 421">
    <p class='ocr_par' dir='ltr' id='par_1_1' title="bbox 1188 385 1390 421">
     <span class='ocr_line' id='line_1_1' title="bbox 1188 385 1390 421; baseline 0.01 -2"><span class='ocrx_word' id='word_1_1' title='bbox 1188 385 1390 421; x_wconf 72' lang='lat'><strong>-573-</strong></span> 
     </span>
    </p>
   </div>
   <div class='ocr_carea' id='block_1_2' title="bbox 278 455 1278 2992">
    <p class='ocr_par' dir='ltr' id='par_1_2' title="bbox 278 455 673 498">
     <span class='ocr_line' id='line_1_2' title="bbox 278 455 673 498; baseline 0.01 -11"><span class='ocrx_word' id='word_1_2' title='bbox 278 455 399 498; x_wconf 81' lang='lat' dir='ltr'>Campus</span> <span class='ocrx_word' id='word_1_3' title='bbox 419 455 497 498; x_wconf 79' lang='lat' dir='ltr'>Appii</span> <span class='ocrx_word' id='word_1_4' title='bbox 519 464 547 490; x_wconf 91' lang='grc' dir='ltr'>ιι.</span> <span class='ocrx_word' id='word_1_5' title='bbox 572 456 594 491; x_wconf 91' lang='lat' dir='ltr'>l.</span> <span class='ocrx_word' id='word_1_6' title='bbox 619 456 673 491; x_wconf 80' lang='grc'>60.</span> 
     </span>
    </p>

    <p class='ocr_par' dir='ltr' id='par_1_3' title="bbox 282 505 1032 542">
     <span class='ocr_line' id='line_1_3' title="bbox 282 505 1032 542; baseline -0.004 -3"><span class='ocrx_word' id='word_1_7' title='bbox 282 524 324 530; x_wconf 85' lang='grc'><strong>-</strong></span> <span class='ocrx_word' id='word_1_8' title='bbox 345 506 502 540; x_wconf 66' lang='lat' dir='ltr'>emnem</span> <span class='ocrx_word' id='word_1_9' title='bbox 521 512 550 540; x_wconf 85' lang='lat' dir='ltr'>et</span> <span class='ocrx_word' id='word_1_10' title='bbox 569 508 650 542; x_wconf 76' lang='lat' dir='ltr'>Pntzi</span> <span class='ocrx_word' id='word_1_11' title='bbox 672 517 701 542; x_wconf 98' lang='grc' dir='ltr'>ιι.</span> <span class='ocrx_word' id='word_1_12' title='bbox 725 507 745 541; x_wconf 93' lang='lat' dir='ltr'>l.</span> <span class='ocrx_word' id='word_1_13' title='bbox 766 508 794 540; x_wconf 87' lang='lat' dir='ltr'>in</span> <span class='ocrx_word' id='word_1_14' title='bbox 814 506 939 542; x_wconf 72' lang='lat' dir='ltr'>Calabria</span> <span class='ocrx_word' id='word_1_15' title='bbox 960 505 1032 537; x_wconf 86' lang='grc'><strong>554.</strong></span> 
     </span>
    </p>

    <p class='ocr_par' dir='ltr' id='par_1_4' title="bbox 282 556 759 602">
     <span class='ocr_line' id='line_1_4' title="bbox 282 556 759 602; baseline 0.008 -15"><span class='ocrx_word' id='word_1_16' title='bbox 282 556 357 588; x_wconf 80' lang='lat' dir='ltr'>Cana</span> <span class='ocrx_word' id='word_1_17' title='bbox 378 557 574 599; x_wconf 73' lang='lat' dir='ltr'>(chrysaphius</span> <span class='ocrx_word' id='word_1_18' title='bbox 595 560 640 602; x_wconf 90' lang='lat' dir='ltr'>de)</span> <span class='ocrx_word' id='word_1_19' title='bbox 662 563 683 591; x_wconf 86' lang='lat' dir='ltr'>t.</span> <span class='ocrx_word' id='word_1_20' title='bbox 709 558 759 591; x_wconf 84' lang='lat'>61.</span> 
     </span>
    </p>

    <p class='ocr_par' dir='ltr' id='par_1_5' title="bbox 282 609 731 645">
     <span class='ocr_line' id='line_1_5' title="bbox 282 609 731 645; baseline 0.002 -4"><span class='ocrx_word' id='word_1_21' title='bbox 282 609 484 644; x_wconf 85' lang='lat' dir='ltr'>Canabatzulus</span> <span class='ocrx_word' id='word_1_22' title='bbox 504 611 592 645; x_wconf 84' lang='lat' dir='ltr'>Ursus</span> <span class='ocrx_word' id='word_1_23' title='bbox 613 617 634 645; x_wconf 89' lang='lat' dir='ltr'>t.</span> <span class='ocrx_word' id='word_1_24' title='bbox 659 611 731 643; x_wconf 83' lang='lat'><strong>259.</strong></span> 
     </span>
    </p>

    <p class='ocr_par' dir='ltr' id='par_1_6' title="bbox 283 652 1265 752">
     <span class='ocr_line' id='line_1_6' title="bbox 283 652 1265 694; baseline -0.004 -2"><span class='ocrx_word' id='word_1_25' title='bbox 283 660 383 692; x_wconf 82' lang='lat' dir='ltr'>Canaei</span> <span class='ocrx_word' id='word_1_26' title='bbox 404 662 528 694; x_wconf 80' lang='lat' dir='ltr'>monachi</span> <span class='ocrx_word' id='word_1_27' title='bbox 549 666 577 694; x_wconf 89' lang='lat' dir='ltr'>et</span> <span class='ocrx_word' id='word_1_28' title='bbox 596 662 711 694; x_wconf 78' lang='lat' dir='ltr'>Abbatis</span> <span class='ocrx_word' id='word_1_29' title='bbox 730 660 803 692; x_wconf 73' lang='lat' dir='ltr'>bona</span> <span class='ocrx_word' id='word_1_30' title='bbox 821 659 922 690; x_wconf 77' lang='lat' dir='ltr'>donata·</span> <span class='ocrx_word' id='word_1_31' title='bbox 937 656 991 689; x_wconf 91' lang='lat' dir='ltr'>SS.</span> <span class='ocrx_word' id='word_1_32' title='bbox 1006 655 1131 689; x_wconf 74' lang='lat' dir='ltr'>&#39;trinitati</span> <span class='ocrx_word' id='word_1_33' title='bbox 1152 652 1265 686; x_wconf 72' lang='lat' dir='ltr'>cavensi</span> 
     </span>
     <span class='ocr_line' id='line_1_7' title="bbox 323 705 1262 752; baseline -0.006 -8"><span class='ocrx_word' id='word_1_34' title='bbox 323 716 351 744; x_wconf 84' lang='lat' dir='ltr'>et</span> <span class='ocrx_word' id='word_1_35' title='bbox 371 712 402 744; x_wconf 90' lang='lat' dir='ltr'>S.</span> <span class='ocrx_word' id='word_1_36' title='bbox 427 713 528 746; x_wconf 72' lang='lat' dir='ltr'>Mariae</span> <span class='ocrx_word' id='word_1_37' title='bbox 548 714 582 745; x_wconf 83' lang='lat' dir='ltr'>de</span> <span class='ocrx_word' id='word_1_38' title='bbox 602 712 728 748; x_wconf 81' lang='lat' dir='ltr'>Pertnsia</span> <span class='ocrx_word' id='word_1_39' title='bbox 747 719 765 743; x_wconf 81' lang='lat' dir='ltr'>a</span> <span class='ocrx_word' id='word_1_40' title='bbox 785 710 901 752; x_wconf 72' lang='lat' dir='ltr'>Rogsrio</span> <span class='ocrx_word' id='word_1_41' title='bbox 921 708 1026 741; x_wconf 87' lang='lat' dir='ltr'>domino</span> <span class='ocrx_word' id='word_1_42' title='bbox 1053 706 1163 749; x_wconf 75' lang='lat' dir='ltr'>Cagiani</span> <span class='ocrx_word' id='word_1_43' title='bbox 1193 705 1262 738; x_wconf 85' lang='grc'><strong>134.</strong></span> 
     </span>
    </p>

    <p class='ocr_par' dir='ltr' id='par_1_7' title="bbox 283 761 895 806">
     <span class='ocr_line' id='line_1_8' title="bbox 283 761 895 806; baseline -0.002 -11"><span class='ocrx_word' id='word_1_44' title='bbox 283 763 390 797; x_wconf 78' lang='lat' dir='ltr'>Canace</span> <span class='ocrx_word' id='word_1_45' title='bbox 411 766 537 806; x_wconf 81' lang='lat' dir='ltr'>(Ioannes</span> <span class='ocrx_word' id='word_1_46' title='bbox 558 766 600 806; x_wconf 87' lang='lat' dir='ltr'>de)</span> <span class='ocrx_word' id='word_1_47' title='bbox 621 763 761 806; x_wconf 70' lang='lat' dir='ltr'>presbyter</span> <span class='ocrx_word' id='word_1_48' title='bbox 781 765 802 795; x_wconf 82' lang='lat' dir='ltr'>t.</span> <span class='ocrx_word' id='word_1_49' title='bbox 825 761 895 794; x_wconf 88' lang='grc'><strong>108.</strong></span> 
     </span>
    </p>

    <p class='ocr_par' dir='ltr' id='par_1_8' title="bbox 282 816 684 849">
     <span class='ocr_line' id='line_1_9' title="bbox 282 816 684 849; baseline -0.005 0"><span class='ocrx_word' id='word_1_50' title='bbox 282 816 406 849; x_wconf 84' lang='lat' dir='ltr'>Canaens</span> <span class='ocrx_word' id='word_1_51' title='bbox 425 816 541 849; x_wconf 85' lang='lat' dir='ltr'>Basilius</span> <span class='ocrx_word' id='word_1_52' title='bbox 563 826 588 848; x_wconf 83' lang='lat' dir='ltr'>v.</span> <span class='ocrx_word' id='word_1_53' title='bbox 612 816 684 848; x_wconf 83' lang='lat'><strong>558.</strong></span> 
     </span>
    </p>

    <p class='ocr_par' dir='ltr' id='par_1_9' title="bbox 283 864 671 905">
     <span class='ocr_line' id='line_1_10' title="bbox 283 864 671 905; baseline 0.003 -9"><span class='ocrx_word' id='word_1_54' title='bbox 283 866 437 905; x_wconf 55' lang='lat' dir='ltr'>nardaus,</span> <span class='ocrx_word' id='word_1_55' title='bbox 457 864 671 904; x_wconf 66' lang='lat' dir='ltr'>umles,&#39;102.</span> 
     </span>
    </p>

    <p class='ocr_par' dir='ltr' id='par_1_10' title="bbox 285 916 754 959">
     <span class='ocr_line' id='line_1_11' title="bbox 285 916 754 959; baseline -0.002 -10"><span class='ocrx_word' id='word_1_56' title='bbox 285 917 426 949; x_wconf 82' lang='lat' dir='ltr'>Cauamzis</span> <span class='ocrx_word' id='word_1_57' title='bbox 446 917 501 950; x_wconf 82' lang='lat' dir='ltr'>Leo</span> <span class='ocrx_word' id='word_1_58' title='bbox 522 916 661 959; x_wconf 72' lang='lat' dir='ltr'><strong>presbyter</strong></span> <span class='ocrx_word' id='word_1_59' title='bbox 681 917 754 950; x_wconf 88' lang='grc'><strong>300.</strong></span> 
     </span>
    </p>

    <p class='ocr_par' dir='ltr' id='par_1_11' title="bbox 287 966 1038 1009">
     <span class='ocr_line' id='line_1_12' title="bbox 287 966 1038 1009; baseline -0.003 -10"><span class='ocrx_word' id='word_1_60' title='bbox 287 967 454 1000; x_wconf 82' lang='lat' dir='ltr'>Caneellario</span> <span class='ocrx_word' id='word_1_61' title='bbox 474 967 538 1009; x_wconf 87' lang='lat' dir='ltr'><strong>(SS.</strong></span> <span class='ocrx_word' id='word_1_62' title='bbox 564 968 680 1000; x_wconf 74' lang='lat' dir='ltr'>Trinitas</span> <span class='ocrx_word' id='word_1_63' title='bbox 700 968 757 1009; x_wconf 84' lang='lat' dir='ltr'><strong>de).</strong></span> <span class='ocrx_word' id='word_1_64' title='bbox 781 968 815 1001; x_wconf 91' lang='lat' dir='ltr'>V.</span> <span class='ocrx_word' id='word_1_65' title='bbox 837 966 1038 999; x_wconf 77' lang='lat' dir='ltr'>Monasterium.</span> 
     </span>
    </p>

    <p class='ocr_par' dir='ltr' id='par_1_12' title="bbox 284 1015 1082 1061">
     <span class='ocr_line' id='line_1_13' title="bbox 284 1015 1082 1061; baseline -0.005 -11"><span class='ocrx_word' id='word_1_66' title='bbox 284 1019 467 1051; x_wconf 85' lang='lat' dir='ltr'>Caneellarius</span> <span class='ocrx_word' id='word_1_67' title='bbox 488 1019 603 1053; x_wconf 80' lang='lat' dir='ltr'>loannes</span> <span class='ocrx_word' id='word_1_68' title='bbox 623 1019 753 1061; x_wconf 80' lang='lat' dir='ltr'>magister</span> <span class='ocrx_word' id='word_1_69' title='bbox 772 1018 804 1052; x_wconf 87' lang='lat' dir='ltr'>S.</span> <span class='ocrx_word' id='word_1_70' title='bbox 828 1017 990 1050; x_wconf 76' lang='lat' dir='ltr'>Cathaiinae</span> <span class='ocrx_word' id='word_1_71' title='bbox 1010 1015 1082 1047; x_wconf 83' lang='lat'><strong>221.</strong></span> 
     </span>
    </p>

    <p class='ocr_par' dir='ltr' id='par_1_13' title="bbox 283 1065 1145 1114">
     <span class='ocr_line' id='line_1_14' title="bbox 283 1065 1145 1114; baseline -0.008 -10"><span class='ocrx_word' id='word_1_72' title='bbox 283 1071 430 1104; x_wconf 75' lang='lat' dir='ltr'>Cancelleri</span> <span class='ocrx_word' id='word_1_73' title='bbox 452 1071 568 1104; x_wconf 82' lang='lat' dir='ltr'>tiliorum</span> <span class='ocrx_word' id='word_1_74' title='bbox 588 1071 697 1114; x_wconf 83' lang='lat' dir='ltr'>praedia</span> <span class='ocrx_word' id='word_1_75' title='bbox 718 1071 744 1102; x_wconf 92' lang='lat' dir='ltr'>in</span> <span class='ocrx_word' id='word_1_76' title='bbox 764 1078 830 1111; x_wconf 74' lang='lat' dir='ltr'>agro</span> <span class='ocrx_word' id='word_1_77' title='bbox 851 1069 959 1100; x_wconf 82' lang='lat' dir='ltr'>Briatiei</span> <span class='ocrx_word' id='word_1_78' title='bbox 978 1067 1050 1104; x_wconf 86' lang='grc'><strong>444,</strong></span> <span class='ocrx_word' id='word_1_79' title='bbox 1073 1065 1145 1098; x_wconf 89' lang='grc'><strong>460.</strong></span> 
     </span>
    </p>

    <p class='ocr_par' dir='ltr' id='par_1_14' title="bbox 284 1122 661 1156">
     <span class='ocr_line' id='line_1_15' title="bbox 284 1122 661 1156; baseline 0.003 -2"><span class='ocrx_word' id='word_1_80' title='bbox 284 1122 403 1155; x_wconf 82' lang='lat' dir='ltr'>Caneelli</span> <span class='ocrx_word' id='word_1_81' title='bbox 422 1124 496 1155; x_wconf 74' lang='lat' dir='ltr'>rivus</span> <span class='ocrx_word' id='word_1_82' title='bbox 518 1124 590 1156; x_wconf 88' lang='grc'><strong>100.</strong></span> <span class='ocrx_word' id='word_1_83' title='bbox 659 1149 661 1151; x_wconf 79' lang='lat'><strong>.</strong></span> 
     </span>
    </p>

    <p class='ocr_par' dir='ltr' id='par_1_15' title="bbox 285 1140 919 1217">
     <span class='ocr_line' id='line_1_16' title="bbox 285 1140 919 1217; baseline -0.008 -10"><span class='ocrx_word' id='word_1_84' title='bbox 285 1175 411 1208; x_wconf 78' lang='lat' dir='ltr'>cancello</span> <span class='ocrx_word' id='word_1_85' title='bbox 430 1175 577 1217; x_wconf 69' lang='lat' dir='ltr'>(Georgius</span> <span class='ocrx_word' id='word_1_86' title='bbox 596 1175 641 1216; x_wconf 84' lang='lat' dir='ltr'>de)</span> <span class='ocrx_word' id='word_1_87' title='bbox 662 1173 801 1216; x_wconf 70' lang='lat' dir='ltr'>presbyter</span> <span class='ocrx_word' id='word_1_88' title='bbox 821 1176 843 1204; x_wconf 87' lang='lat' dir='ltr'>t.</span> <span class='ocrx_word' id='word_1_89' title='bbox 867 1140 919 1203; x_wconf 93' lang='grc'>94.</span> 
     </span>
    </p>

    <p class='ocr_par' dir='ltr' id='par_1_16' title="bbox 286 1224 756 1259">
     <span class='ocr_line' id='line_1_17' title="bbox 286 1224 756 1259; baseline -0.004 -1"><span class='ocrx_word' id='word_1_90' title='bbox 286 1226 407 1259; x_wconf 73' lang='grc' dir='ltr'><strong>Οιιιιιοιι</strong></span> <span class='ocrx_word' id='word_1_91' title='bbox 427 1227 617 1259; x_wconf 73' lang='lat' dir='ltr'>Constantinus</span> <span class='ocrx_word' id='word_1_92' title='bbox 637 1229 660 1257; x_wconf 83' lang='lat' dir='ltr'>t.</span> <span class='ocrx_word' id='word_1_93' title='bbox 686 1224 756 1256; x_wconf 95' lang='grc'><strong>104.</strong></span> 
     </span>
    </p>

    <p class='ocr_par' dir='ltr' id='par_1_17' title="bbox 285 1276 613 1310">
     <span class='ocr_line' id='line_1_18' title="bbox 285 1276 613 1310; baseline 0 -1"><span class='ocrx_word' id='word_1_94' title='bbox 285 1278 407 1310; x_wconf 80' lang='lat' dir='ltr'>Candida</span> <span class='ocrx_word' id='word_1_95' title='bbox 428 1276 560 1308; x_wconf 69' lang='lat' dir='ltr'>monacha</span> <span class='ocrx_word' id='word_1_96' title='bbox 582 1277 613 1309; x_wconf 90' lang='grc'>5.</span> 
     </span>
    </p>

    <p class='ocr_par' dir='ltr' id='par_1_18' title="bbox 287 1326 687 1368">
     <span class='ocr_line' id='line_1_19' title="bbox 287 1326 687 1368; baseline 0 -10"><span class='ocrx_word' id='word_1_97' title='bbox 287 1327 424 1359; x_wconf 74' lang='lat' dir='ltr'>Candidati</span> <span class='ocrx_word' id='word_1_98' title='bbox 446 1326 581 1368; x_wconf 77' lang='lat' dir='ltr'>Spatbarii</span> <span class='ocrx_word' id='word_1_99' title='bbox 601 1326 633 1365; x_wconf 80' lang='lat'>3,</span> <span class='ocrx_word' id='word_1_100' title='bbox 656 1328 687 1358; x_wconf 92' lang='grc'><strong>4.</strong></span> 
     </span>
    </p>

    <p class='ocr_par' dir='ltr' id='par_1_19' title="bbox 285 1373 1204 1418">
     <span class='ocr_line' id='line_1_20' title="bbox 285 1373 1204 1418; baseline -0.004 -10"><span class='ocrx_word' id='word_1_101' title='bbox 285 1376 454 1408; x_wconf 77' lang='lat' dir='ltr'>Candidatus</span> <span class='ocrx_word' id='word_1_102' title='bbox 474 1375 627 1418; x_wconf 68' lang='lat' dir='ltr'>manispus</span> <span class='ocrx_word' id='word_1_103' title='bbox 647 1375 792 1418; x_wconf 76' lang='lat' dir='ltr'>imperialis</span> <span class='ocrx_word' id='word_1_104' title='bbox 812 1374 983 1418; x_wconf 67' lang='lat' dir='ltr'><strong>spatharius.</strong></span> <span class='ocrx_word' id='word_1_105' title='bbox 1006 1374 1040 1406; x_wconf 86' lang='lat' dir='ltr'>V.</span> <span class='ocrx_word' id='word_1_106' title='bbox 1065 1373 1204 1415; x_wconf 80' lang='lat' dir='ltr'>Catapani.</span> 
     </span>
    </p>

    <p class='ocr_par' dir='ltr' id='par_1_20' title="bbox 287 1427 723 1460">
     <span class='ocr_line' id='line_1_21' title="bbox 287 1427 723 1460; baseline 0 0"><span class='ocrx_word' id='word_1_107' title='bbox 287 1428 400 1460; x_wconf 79' lang='lat' dir='ltr'>Candidi</span> <span class='ocrx_word' id='word_1_108' title='bbox 420 1427 493 1460; x_wconf 75' lang='lat' dir='ltr'>tilius</span> <span class='ocrx_word' id='word_1_109' title='bbox 512 1427 604 1460; x_wconf 82' lang='lat' dir='ltr'>Bonus</span> <span class='ocrx_word' id='word_1_110' title='bbox 625 1431 647 1460; x_wconf 82' lang='lat' dir='ltr'>t.</span> <span class='ocrx_word' id='word_1_111' title='bbox 673 1429 723 1460; x_wconf 88' lang='grc'>17.</span> 
     </span>
    </p>

    <p class='ocr_par' dir='ltr' id='par_1_21' title="bbox 286 1479 791 1521">
     <span class='ocr_line' id='line_1_22' title="bbox 286 1479 791 1521; baseline -0.004 -9"><span class='ocrx_word' id='word_1_112' title='bbox 286 1497 327 1503; x_wconf 96' lang='grc'><strong>-</strong></span> <span class='ocrx_word' id='word_1_113' title='bbox 347 1479 455 1521; x_wconf 76' lang='lat' dir='ltr'>praedia</span> <span class='ocrx_word' id='word_1_114' title='bbox 475 1480 503 1511; x_wconf 87' lang='lat' dir='ltr'>in</span> <span class='ocrx_word' id='word_1_115' title='bbox 522 1488 590 1520; x_wconf 70' lang='lat' dir='ltr'>agro</span> <span class='ocrx_word' id='word_1_116' title='bbox 612 1480 697 1512; x_wconf 63' lang='lat' dir='ltr'>astae</span> <span class='ocrx_word' id='word_1_117' title='bbox 719 1479 791 1512; x_wconf 82' lang='grc'><strong>546.</strong></span> 
     </span>
    </p>

    <p class='ocr_par' dir='ltr' id='par_1_22' title="bbox 287 1529 681 1562">
     <span class='ocr_line' id='line_1_23' title="bbox 287 1529 681 1562; baseline 0.005 -2"><span class='ocrx_word' id='word_1_118' title='bbox 287 1529 427 1561; x_wconf 84' lang='lat' dir='ltr'>Candidus</span> <span class='ocrx_word' id='word_1_119' title='bbox 447 1529 563 1562; x_wconf 80' lang='lat' dir='ltr'>loannes</span> <span class='ocrx_word' id='word_1_120' title='bbox 583 1533 606 1562; x_wconf 87' lang='lat' dir='ltr'>t.</span> <span class='ocrx_word' id='word_1_121' title='bbox 629 1529 681 1562; x_wconf 88' lang='grc'>34.</span> 
     </span>
    </p>

    <p class='ocr_par' dir='ltr' id='par_1_23' title="bbox 289 1581 683 1623">
     <span class='ocr_line' id='line_1_24' title="bbox 289 1581 683 1623; baseline 0.005 -11"><span class='ocrx_word' id='word_1_122' title='bbox 289 1581 381 1612; x_wconf 72' lang='lat' dir='ltr'>Cautio</span> <span class='ocrx_word' id='word_1_123' title='bbox 402 1581 526 1622; x_wconf 73' lang='lat' dir='ltr'>(Michael</span> <span class='ocrx_word' id='word_1_124' title='bbox 545 1583 591 1623; x_wconf 81' lang='lat' dir='ltr'>de)</span> <span class='ocrx_word' id='word_1_125' title='bbox 611 1582 683 1614; x_wconf 81' lang='grc'><strong>308.</strong></span> 
     </span>
    </p>

    <p class='ocr_par' dir='ltr' id='par_1_24' title="bbox 287 1631 598 1664">
     <span class='ocr_line' id='line_1_25' title="bbox 287 1631 598 1664; baseline 0 -2"><span class='ocrx_word' id='word_1_126' title='bbox 287 1631 396 1662; x_wconf 82' lang='lat' dir='ltr'>Canieia</span> <span class='ocrx_word' id='word_1_127' title='bbox 418 1632 473 1663; x_wconf 80' lang='lat' dir='ltr'>Leo</span> <span class='ocrx_word' id='word_1_128' title='bbox 493 1642 520 1664; x_wconf 82' lang='lat' dir='ltr'>v.</span> <span class='ocrx_word' id='word_1_129' title='bbox 547 1632 598 1663; x_wconf 90' lang='grc'>77.</span> 
     </span>
    </p>

    <p class='ocr_par' dir='ltr' id='par_1_25' title="bbox 288 1680 675 1713">
     <span class='ocr_line' id='line_1_26' title="bbox 288 1680 675 1713; baseline 0.005 -2"><span class='ocrx_word' id='word_1_130' title='bbox 288 1680 405 1713; x_wconf 82' lang='lat' dir='ltr'>Canineo</span> <span class='ocrx_word' id='word_1_131' title='bbox 427 1682 582 1713; x_wconf 80' lang='lat' dir='ltr'>Constantia</span> <span class='ocrx_word' id='word_1_132' title='bbox 602 1681 675 1713; x_wconf 88' lang='grc'><strong>373.</strong></span> 
     </span>
    </p>

    <p class='ocr_par' dir='ltr' id='par_1_26' title="bbox 288 1731 794 1771">
     <span class='ocr_line' id='line_1_27' title="bbox 288 1731 794 1771; baseline 0.002 -8"><span class='ocrx_word' id='word_1_133' title='bbox 288 1731 407 1764; x_wconf 83' lang='lat' dir='ltr'>Caninns</span> <span class='ocrx_word' id='word_1_134' title='bbox 427 1733 554 1765; x_wconf 78' lang='lat' dir='ltr'>Nicolaus</span> <span class='ocrx_word' id='word_1_135' title='bbox 570 1742 600 1766; x_wconf 60' lang='grc' dir='ltr'>ν.</span> <span class='ocrx_word' id='word_1_136' title='bbox 624 1733 698 1771; x_wconf 88' lang='grc'><strong>295,</strong></span> <span class='ocrx_word' id='word_1_137' title='bbox 722 1733 794 1765; x_wconf 84' lang='grc'><strong>297.</strong></span> 
     </span>
    </p>

    <p class='ocr_par' dir='ltr' id='par_1_27' title="bbox 288 1783 842 1817">
     <span class='ocr_line' id='line_1_28' title="bbox 288 1783 842 1817; baseline 0.002 -2"><span class='ocrx_word' id='word_1_138' title='bbox 288 1784 458 1816; x_wconf 75' lang='grc' dir='ltr'><strong>Οιιιιιιιιιιιιιι</strong></span> <span class='ocrx_word' id='word_1_139' title='bbox 476 1793 506 1816; x_wconf 86' lang='grc' dir='ltr'>ιι.</span> <span class='ocrx_word' id='word_1_140' title='bbox 530 1785 549 1816; x_wconf 83' lang='grc'>1.</span> <span class='ocrx_word' id='word_1_141' title='bbox 573 1785 600 1815; x_wconf 81' lang='grc' dir='ltr'>ιιι</span> <span class='ocrx_word' id='word_1_142' title='bbox 621 1783 748 1816; x_wconf 78' lang='lat' dir='ltr'>Calabria</span> <span class='ocrx_word' id='word_1_143' title='bbox 770 1784 842 1817; x_wconf 82' lang='grc'><strong>298.</strong></span> 
     </span>
    </p>

    <p class='ocr_par' dir='ltr' id='par_1_28' title="bbox 288 1834 753 1867">
     <span class='ocr_line' id='line_1_29' title="bbox 288 1834 753 1867; baseline 0.004 -2"><span class='ocrx_word' id='word_1_144' title='bbox 288 1834 507 1866; x_wconf 82' lang='lat' dir='ltr'>Caunabatzulus</span> <span class='ocrx_word' id='word_1_145' title='bbox 529 1834 615 1866; x_wconf 81' lang='lat' dir='ltr'>Ursus</span> <span class='ocrx_word' id='word_1_146' title='bbox 636 1838 657 1866; x_wconf 90' lang='lat' dir='ltr'>t.</span> <span class='ocrx_word' id='word_1_147' title='bbox 682 1835 753 1867; x_wconf 85' lang='grc'><strong>238.</strong></span> 
     </span>
    </p>

    <p class='ocr_par' dir='ltr' id='par_1_29' title="bbox 291 1883 982 1926">
     <span class='ocr_line' id='line_1_30' title="bbox 291 1883 982 1926; baseline 0.004 -11"><span class='ocrx_word' id='word_1_148' title='bbox 291 1883 453 1916; x_wconf 71' lang='lat' dir='ltr'>Cannaflaea</span> <span class='ocrx_word' id='word_1_149' title='bbox 473 1892 502 1916; x_wconf 92' lang='grc' dir='ltr'>ιι.</span> <span class='ocrx_word' id='word_1_150' title='bbox 527 1884 547 1916; x_wconf 89' lang='grc' dir='ltr'><strong>Ι.</strong></span> <span class='ocrx_word' id='word_1_151' title='bbox 570 1885 597 1916; x_wconf 88' lang='grc' dir='ltr'>ιιι</span> <span class='ocrx_word' id='word_1_152' title='bbox 618 1893 687 1926; x_wconf 69' lang='lat' dir='ltr'>agro</span> <span class='ocrx_word' id='word_1_153' title='bbox 707 1884 855 1917; x_wconf 80' lang='lat' dir='ltr'>Albidonae</span> <span class='ocrx_word' id='word_1_154' title='bbox 876 1885 947 1918; x_wconf 86' lang='grc'><strong>347.</strong></span> <span class='ocrx_word' id='word_1_155' title='bbox 979 1903 982 1906; x_wconf 24' lang='grc' dir='ltr'><strong>Δ</strong></span> 
     </span>
    </p>

    <p class='ocr_par' dir='ltr' id='par_1_30' title="bbox 290 1934 823 1977">
     <span class='ocr_line' id='line_1_31' title="bbox 290 1934 823 1977; baseline 0.008 -12"><span class='ocrx_word' id='word_1_156' title='bbox 290 1934 441 1973; x_wconf 62' lang='lat' dir='ltr'>Kanate-n,</span> <span class='ocrx_word' id='word_1_157' title='bbox 465 1944 608 1968; x_wconf 81' lang='lat' dir='ltr'>mensurae</span> <span class='ocrx_word' id='word_1_158' title='bbox 629 1945 727 1977; x_wconf 66' lang='lat' dir='ltr'>genus,</span> <span class='ocrx_word' id='word_1_159' title='bbox 753 1935 823 1969; x_wconf 79' lang='grc'><strong>161.</strong></span> 
     </span>
    </p>

    <p class='ocr_par' dir='ltr' id='par_1_31' title="bbox 290 1985 646 2019">
     <span class='ocr_line' id='line_1_32' title="bbox 290 1985 646 2019; baseline 0.008 -4"><span class='ocrx_word' id='word_1_160' title='bbox 290 1985 430 2018; x_wconf 84' lang='lat' dir='ltr'>Cannatus</span> <span class='ocrx_word' id='word_1_161' title='bbox 453 1985 508 2017; x_wconf 78' lang='lat' dir='ltr'>Leo</span> <span class='ocrx_word' id='word_1_162' title='bbox 529 1990 551 2018; x_wconf 86' lang='lat' dir='ltr'>t.</span> <span class='ocrx_word' id='word_1_163' title='bbox 575 1986 646 2019; x_wconf 87' lang='grc'><strong>412.</strong></span> 
     </span>
    </p>

    <p class='ocr_par' dir='ltr' id='par_1_32' title="bbox 292 2037 1034 2080">
     <span class='ocr_line' id='line_1_33' title="bbox 292 2037 1034 2080; baseline 0.001 -12"><span class='ocrx_word' id='word_1_164' title='bbox 292 2037 429 2069; x_wconf 77' lang='lat' dir='ltr'>Canniano</span> <span class='ocrx_word' id='word_1_165' title='bbox 451 2039 584 2079; x_wconf 74' lang='lat' dir='ltr'>(Andreas</span> <span class='ocrx_word' id='word_1_166' title='bbox 604 2043 632 2070; x_wconf 86' lang='lat' dir='ltr'>et</span> <span class='ocrx_word' id='word_1_167' title='bbox 651 2038 822 2071; x_wconf 83' lang='lat' dir='ltr'>Ptolomaeus</span> <span class='ocrx_word' id='word_1_168' title='bbox 842 2039 888 2080; x_wconf 76' lang='lat' dir='ltr'>de)</span> <span class='ocrx_word' id='word_1_169' title='bbox 909 2043 942 2071; x_wconf 87' lang='lat' dir='ltr'>tt.</span> <span class='ocrx_word' id='word_1_170' title='bbox 965 2038 1034 2071; x_wconf 91' lang='grc'><strong>393.</strong></span> 
     </span>
    </p>

    <p class='ocr_par' dir='ltr' id='par_1_33' title="bbox 291 2088 890 2130">
     <span class='ocr_line' id='line_1_34' title="bbox 291 2088 890 2130; baseline 0.005 -12"><span class='ocrx_word' id='word_1_171' title='bbox 291 2088 445 2121; x_wconf 79' lang='lat' dir='ltr'>Cannieella</span> <span class='ocrx_word' id='word_1_172' title='bbox 465 2098 494 2121; x_wconf 89' lang='grc' dir='ltr'>ιι.</span> <span class='ocrx_word' id='word_1_173' title='bbox 519 2090 540 2121; x_wconf 92' lang='grc' dir='ltr'>Ι.</span> <span class='ocrx_word' id='word_1_174' title='bbox 563 2090 590 2120; x_wconf 84' lang='grc' dir='ltr'>ιιι</span> <span class='ocrx_word' id='word_1_175' title='bbox 610 2097 676 2130; x_wconf 58' lang='lat' dir='ltr'>avo</span> <span class='ocrx_word' id='word_1_176' title='bbox 698 2088 819 2121; x_wconf 84' lang='lat' dir='ltr'>Cirelarii</span> <span class='ocrx_word' id='word_1_177' title='bbox 840 2089 890 2121; x_wconf 82' lang='grc'>93.</span> 
     </span>
    </p>

    <p class='ocr_par' dir='ltr' id='par_1_34' title="bbox 292 2138 989 2181">
     <span class='ocr_line' id='line_1_35' title="bbox 292 2138 989 2181; baseline 0.004 -13"><span class='ocrx_word' id='word_1_178' title='bbox 292 2138 461 2177; x_wconf 63' lang='lat' dir='ltr'>Rauso-ma,</span> <span class='ocrx_word' id='word_1_179' title='bbox 483 2139 564 2177; x_wconf 83' lang='lat' dir='ltr'>dona,</span> <span class='ocrx_word' id='word_1_180' title='bbox 587 2148 675 2181; x_wconf 71' lang='lat' dir='ltr'>genus</span> <span class='ocrx_word' id='word_1_181' title='bbox 697 2140 895 2179; x_wconf 78' lang='lat' dir='ltr'>praestationis,</span> <span class='ocrx_word' id='word_1_182' title='bbox 919 2139 989 2172; x_wconf 88' lang='grc'><strong>300.</strong></span> 
     </span>
    </p>

    <p class='ocr_par' dir='ltr' id='par_1_35' title="bbox 292 2187 721 2230">
     <span class='ocr_line' id='line_1_36' title="bbox 292 2187 721 2230; baseline 0.005 -12"><span class='ocrx_word' id='word_1_183' title='bbox 292 2187 451 2220; x_wconf 83' lang='lat' dir='ltr'>Cannitiana</span> <span class='ocrx_word' id='word_1_184' title='bbox 472 2187 538 2230; x_wconf 60' lang='lat' dir='ltr'>(Mo</span> <span class='ocrx_word' id='word_1_185' title='bbox 558 2189 603 2228; x_wconf 83' lang='lat' dir='ltr'>de)</span> <span class='ocrx_word' id='word_1_186' title='bbox 623 2192 645 2220; x_wconf 87' lang='lat' dir='ltr'>t.</span> <span class='ocrx_word' id='word_1_187' title='bbox 669 2189 721 2220; x_wconf 88' lang='grc'><strong>57.</strong></span> 
     </span>
    </p>

    <p class='ocr_par' dir='ltr' id='par_1_36' title="bbox 292 2240 583 2273">
     <span class='ocr_line' id='line_1_37' title="bbox 292 2240 583 2273; baseline 0.003 -2"><span class='ocrx_word' id='word_1_188' title='bbox 292 2240 436 2273; x_wconf 85' lang='lat' dir='ltr'>Cannitnm</span> <span class='ocrx_word' id='word_1_189' title='bbox 456 2249 485 2273; x_wconf 89' lang='grc' dir='ltr'>ιι.</span> <span class='ocrx_word' id='word_1_190' title='bbox 508 2241 528 2273; x_wconf 96' lang='lat' dir='ltr'>l.</span> <span class='ocrx_word' id='word_1_191' title='bbox 554 2241 583 2272; x_wconf 87' lang='grc'>1.</span> 
     </span>
    </p>

    <p class='ocr_par' dir='ltr' id='par_1_37' title="bbox 293 2290 1011 2333">
     <span class='ocr_line' id='line_1_38' title="bbox 293 2290 1011 2333; baseline 0.003 -12"><span class='ocrx_word' id='word_1_192' title='bbox 293 2290 512 2324; x_wconf 81' lang='lat' dir='ltr'>Cannoeharium</span> <span class='ocrx_word' id='word_1_193' title='bbox 532 2300 561 2324; x_wconf 92' lang='lat' dir='ltr'>n.</span> <span class='ocrx_word' id='word_1_194' title='bbox 583 2291 604 2323; x_wconf 88' lang='lat'>1.</span> <span class='ocrx_word' id='word_1_195' title='bbox 627 2292 655 2322; x_wconf 90' lang='lat' dir='ltr'>in</span> <span class='ocrx_word' id='word_1_196' title='bbox 675 2299 742 2333; x_wconf 76' lang='lat' dir='ltr'>agro</span> <span class='ocrx_word' id='word_1_197' title='bbox 762 2291 919 2323; x_wconf 73' lang='lat' dir='ltr'>Seminane</span> <span class='ocrx_word' id='word_1_198' title='bbox 940 2293 1011 2329; x_wconf 81' lang='grc'><strong>493,</strong></span> 
     </span>
    </p>

    <p class='ocr_par' dir='ltr' id='par_1_38' title="bbox 293 2340 1116 2382">
     <span class='ocr_line' id='line_1_39' title="bbox 293 2340 1116 2382; baseline 0.002 -11"><span class='ocrx_word' id='word_1_199' title='bbox 293 2340 483 2378; x_wconf 77' lang='lat' dir='ltr'>Cauoaueha,</span> <span class='ocrx_word' id='word_1_200' title='bbox 506 2340 693 2382; x_wconf 72' lang='grc' dir='ltr'>κανωάρχης,</span> <span class='ocrx_word' id='word_1_201' title='bbox 716 2341 832 2382; x_wconf 79' lang='lat' dir='ltr'><strong>dignitas</strong></span> <span class='ocrx_word' id='word_1_202' title='bbox 852 2342 1043 2379; x_wconf 56' lang='lat' dir='ltr'>centecimum,</span> <span class='ocrx_word' id='word_1_203' title='bbox 1068 2343 1116 2372; x_wconf 85' lang='lat'>65.</span> 
     </span>
    </p>

    <p class='ocr_par' dir='ltr' id='par_1_39' title="bbox 294 2390 809 2431">
     <span class='ocr_line' id='line_1_40' title="bbox 294 2390 809 2431; baseline 0.004 -10"><span class='ocrx_word' id='word_1_204' title='bbox 294 2390 420 2423; x_wconf 83' lang='lat' dir='ltr'>Canoniei</span> <span class='ocrx_word' id='word_1_205' title='bbox 442 2391 624 2431; x_wconf 70' lang='lat' dir='ltr'><strong>Scyllaceum</strong></span> <span class='ocrx_word' id='word_1_206' title='bbox 647 2391 716 2429; x_wconf 84' lang='grc'><strong>182,</strong></span> <span class='ocrx_word' id='word_1_207' title='bbox 739 2391 809 2423; x_wconf 83' lang='grc'><strong>335.</strong></span> 
     </span>
    </p>

    <p class='ocr_par' dir='ltr' id='par_1_40' title="bbox 294 2441 1055 2480">
     <span class='ocr_line' id='line_1_41' title="bbox 294 2441 1055 2480; baseline 0 -6"><span class='ocrx_word' id='word_1_208' title='bbox 294 2443 444 2475; x_wconf 80' lang='lat' dir='ltr'>canonieus</span> <span class='ocrx_word' id='word_1_209' title='bbox 466 2442 537 2480; x_wconf 78' lang='grc'><strong>364,</strong></span> <span class='ocrx_word' id='word_1_210' title='bbox 560 2442 635 2480; x_wconf 81' lang='grc'><strong>378,</strong></span> <span class='ocrx_word' id='word_1_211' title='bbox 657 2441 731 2480; x_wconf 91' lang='grc'><strong>387,</strong></span> <span class='ocrx_word' id='word_1_212' title='bbox 755 2442 827 2480; x_wconf 84' lang='grc'><strong>389,</strong></span> <span class='ocrx_word' id='word_1_213' title='bbox 851 2442 908 2474; x_wconf 90' lang='grc'>421</span> <span class='ocrx_word' id='word_1_214' title='bbox 932 2448 960 2474; x_wconf 78' lang='lat' dir='ltr'>et</span> <span class='ocrx_word' id='word_1_215' title='bbox 981 2443 1055 2474; x_wconf 88' lang='lat' dir='ltr'>alibi.</span> 
     </span>
    </p>

    <p class='ocr_par' dir='ltr' id='par_1_41' title="bbox 294 2492 863 2535">
     <span class='ocr_line' id='line_1_42' title="bbox 294 2492 863 2535; baseline 0 -9"><span class='ocrx_word' id='word_1_216' title='bbox 294 2513 335 2519; x_wconf 95' lang='lat'>-—</span> <span class='ocrx_word' id='word_1_217' title='bbox 357 2494 483 2535; x_wconf 77' lang='lat' dir='ltr'>Capellae</span> <span class='ocrx_word' id='word_1_218' title='bbox 503 2494 595 2535; x_wconf 74' lang='lat' dir='ltr'>regiae</span> <span class='ocrx_word' id='word_1_219' title='bbox 614 2492 688 2531; x_wconf 85' lang='grc'><strong>229,</strong></span> <span class='ocrx_word' id='word_1_220' title='bbox 712 2493 783 2526; x_wconf 88' lang='grc'><strong>230.</strong></span> <span class='ocrx_word' id='word_1_221' title='bbox 861 2494 863 2497; x_wconf 58' lang='lat'><strong>⁴</strong></span> 
     </span>
    </p>

    <p class='ocr_par' dir='ltr' id='par_1_42' title="bbox 294 2543 734 2585">
     <span class='ocr_line' id='line_1_43' title="bbox 294 2543 734 2585; baseline 0 -11"><span class='ocrx_word' id='word_1_222' title='bbox 294 2563 336 2568; x_wconf 91' lang='lat'>-</span> <span class='ocrx_word' id='word_1_223' title='bbox 357 2543 454 2584; x_wconf 80' lang='lat' dir='ltr'>Rhegii</span> <span class='ocrx_word' id='word_1_224' title='bbox 476 2543 641 2585; x_wconf 72' lang='lat' dir='ltr'>Peregrinus</span> <span class='ocrx_word' id='word_1_225' title='bbox 664 2543 734 2575; x_wconf 91' lang='grc'><strong>182.</strong></span> 
     </span>
    </p>

    <p class='ocr_par' dir='ltr' id='par_1_43' title="bbox 297 2592 1116 2636">
     <span class='ocr_line' id='line_1_44' title="bbox 297 2592 1116 2636; baseline 0.005 -13"><span class='ocrx_word' id='word_1_226' title='bbox 297 2592 494 2636; x_wconf 73' lang='grc' dir='ltr'><strong>Κανστρίσιοε,</strong></span> <span class='ocrx_word' id='word_1_227' title='bbox 517 2594 674 2631; x_wconf 79' lang='lat' dir='ltr'>castrensis,</span> <span class='ocrx_word' id='word_1_228' title='bbox 696 2594 810 2635; x_wconf 72' lang='lat' dir='ltr'>dignitas</span> <span class='ocrx_word' id='word_1_229' title='bbox 831 2595 1021 2633; x_wconf 81' lang='lat' dir='ltr'>ecelesiastica,</span> <span class='ocrx_word' id='word_1_230' title='bbox 1046 2595 1116 2627; x_wconf 83' lang='lat'><strong>226.</strong></span> 
     </span>
    </p>

    <p class='ocr_par' dir='ltr' id='par_1_44' title="bbox 298 2645 886 2686">
     <span class='ocr_line' id='line_1_45' title="bbox 298 2645 886 2686; baseline 0.005 -11"><span class='ocrx_word' id='word_1_231' title='bbox 298 2645 449 2677; x_wconf 81' lang='lat' dir='ltr'>cantatoris</span> <span class='ocrx_word' id='word_1_232' title='bbox 471 2645 545 2676; x_wconf 85' lang='lat' dir='ltr'>rivus</span> <span class='ocrx_word' id='word_1_233' title='bbox 566 2645 592 2675; x_wconf 91' lang='lat' dir='ltr'>in</span> <span class='ocrx_word' id='word_1_234' title='bbox 612 2653 679 2686; x_wconf 71' lang='lat' dir='ltr'>agro</span> <span class='ocrx_word' id='word_1_235' title='bbox 700 2645 794 2677; x_wconf 72' lang='lat' dir='ltr'>Nouae</span> <span class='ocrx_word' id='word_1_236' title='bbox 816 2646 886 2679; x_wconf 89' lang='grc'><strong>100.</strong></span> 
     </span>
    </p>

    <p class='ocr_par' dir='ltr' id='par_1_45' title="bbox 299 2694 611 2726">
     <span class='ocr_line' id='line_1_46' title="bbox 299 2694 611 2726; baseline -0.003 0"><span class='ocrx_word' id='word_1_237' title='bbox 299 2695 423 2726; x_wconf 76' lang='lat' dir='ltr'>Camerti</span> <span class='ocrx_word' id='word_1_238' title='bbox 443 2695 517 2726; x_wconf 81' lang='lat' dir='ltr'>rivus</span> <span class='ocrx_word' id='word_1_239' title='bbox 539 2694 611 2726; x_wconf 83' lang='lat'><strong>229.</strong></span> 
     </span>
    </p>

    <p class='ocr_par' dir='ltr' id='par_1_46' title="bbox 299 2744 1278 2888">
     <span class='ocr_line' id='line_1_47' title="bbox 299 2744 1277 2789; baseline 0.004 -12"><span class='ocrx_word' id='word_1_240' title='bbox 299 2746 462 2785; x_wconf 84' lang='lat' dir='ltr'>Canusium,</span> <span class='ocrx_word' id='word_1_241' title='bbox 479 2744 637 2783; x_wconf 76' lang='grc' dir='ltr'><strong>Κανούσιω,</strong></span> <span class='ocrx_word' id='word_1_242' title='bbox 651 2745 708 2778; x_wconf 86' lang='lat' dir='ltr'>ital.</span> <span class='ocrx_word' id='word_1_243' title='bbox 723 2746 840 2783; x_wconf 66' lang='lat' dir='ltr'>Cum,</span> <span class='ocrx_word' id='word_1_244' title='bbox 853 2747 964 2788; x_wconf 71' lang='lat' dir='ltr'>Apuliae</span> <span class='ocrx_word' id='word_1_245' title='bbox 977 2748 1277 2789; x_wconf 80' lang='lat' dir='ltr'>oppidum—Ecclesiae</span> 
     </span>
     <span class='ocr_line' id='line_1_48' title="bbox 340 2796 1278 2839; baseline 0.004 -11"><span class='ocrx_word' id='word_1_246' title='bbox 340 2797 372 2829; x_wconf 88' lang='lat' dir='ltr'>S.</span> <span class='ocrx_word' id='word_1_247' title='bbox 392 2797 559 2838; x_wconf 77' lang='lat' dir='ltr'>Euphemiae</span> <span class='ocrx_word' id='word_1_248' title='bbox 573 2800 602 2828; x_wconf 86' lang='lat' dir='ltr'>et</span> <span class='ocrx_word' id='word_1_249' title='bbox 612 2796 795 2829; x_wconf 56' lang='lat' dir='ltr'>&amp;Benedicti</span> <span class='ocrx_word' id='word_1_250' title='bbox 816 2798 842 2828; x_wconf 88' lang='lat' dir='ltr'>in</span> <span class='ocrx_word' id='word_1_251' title='bbox 863 2798 914 2830; x_wconf 80' lang='lat' dir='ltr'>bac</span> <span class='ocrx_word' id='word_1_252' title='bbox 929 2799 1032 2830; x_wconf 75' lang='lat' dir='ltr'>civitate</span> <span class='ocrx_word' id='word_1_253' title='bbox 1047 2801 1096 2839; x_wconf 87' lang='grc'>11,</span> <span class='ocrx_word' id='word_1_254' title='bbox 1123 2801 1171 2838; x_wconf 90' lang='grc'>14,</span> <span class='ocrx_word' id='word_1_255' title='bbox 1195 2800 1278 2832; x_wconf 81' lang='grc'>25-</span> 
     </span>
     <span class='ocr_line' id='line_1_49' title="bbox 340 2845 1092 2888; baseline 0.003 -10"><span class='ocrx_word' id='word_1_256' title='bbox 340 2847 526 2878; x_wconf 72' lang='lat' dir='ltr'>Possessiones</span> <span class='ocrx_word' id='word_1_257' title='bbox 547 2845 699 2879; x_wconf 84' lang='lat' dir='ltr'>Casinensis</span> <span class='ocrx_word' id='word_1_258' title='bbox 719 2847 840 2880; x_wconf 89' lang='lat' dir='ltr'>coenobii</span> <span class='ocrx_word' id='word_1_259' title='bbox 860 2849 885 2879; x_wconf 93' lang='lat' dir='ltr'>in</span> <span class='ocrx_word' id='word_1_260' title='bbox 907 2849 1013 2888; x_wconf 75' lang='lat' dir='ltr'>eadem,</span> <span class='ocrx_word' id='word_1_261' title='bbox 1028 2849 1092 2882; x_wconf 88' lang='lat' dir='ltr'>ibid.</span> 
     </span>
    </p>

    <p class='ocr_par' dir='ltr' id='par_1_47' title="bbox 300 2897 850 2940">
     <span class='ocr_line' id='line_1_50' title="bbox 300 2897 850 2940; baseline 0.002 -11"><span class='ocrx_word' id='word_1_262' title='bbox 300 2898 401 2940; x_wconf 85' lang='lat' dir='ltr'>Capani</span> <span class='ocrx_word' id='word_1_263' title='bbox 423 2899 563 2940; x_wconf 69' lang='lat' dir='ltr'>praedium</span> <span class='ocrx_word' id='word_1_264' title='bbox 583 2898 610 2930; x_wconf 88' lang='lat' dir='ltr'>in</span> <span class='ocrx_word' id='word_1_265' title='bbox 631 2897 758 2930; x_wconf 78' lang='lat' dir='ltr'>Calabria</span> <span class='ocrx_word' id='word_1_266' title='bbox 781 2898 850 2930; x_wconf 89' lang='grc'><strong>125.</strong></span> 
     </span>
    </p>

    <p class='ocr_par' dir='ltr' id='par_1_48' title="bbox 299 2947 843 2992">
     <span class='ocr_line' id='line_1_51' title="bbox 299 2947 843 2992; baseline 0.002 -11"><span class='ocrx_word' id='word_1_267' title='bbox 299 2950 409 2992; x_wconf 81' lang='lat' dir='ltr'>Capano</span> <span class='ocrx_word' id='word_1_268' title='bbox 429 2950 541 2992; x_wconf 80' lang='lat' dir='ltr'>(Petrus</span> <span class='ocrx_word' id='word_1_269' title='bbox 562 2951 607 2992; x_wconf 82' lang='lat' dir='ltr'>de)</span> <span class='ocrx_word' id='word_1_270' title='bbox 628 2951 750 2982; x_wconf 81' lang='lat' dir='ltr'>notarius</span> <span class='ocrx_word' id='word_1_271' title='bbox 772 2947 843 2982; x_wconf 85' lang='grc'><strong>125.</strong></span> 
     </span>
    </p>
   </div>
   <div class='ocr_carea' id='block_1_3' title="bbox 299 3001 1278 3046">
    <p class='ocr_par' dir='ltr' id='par_1_49' title="bbox 299 3001 1278 3046">
     <span class='ocr_line' id='line_1_52' title="bbox 299 3001 1278 3046; baseline 0.006 -12"><span class='ocrx_word' id='word_1_272' title='bbox 299 3001 454 3044; x_wconf 74' lang='lat' dir='ltr'>Captatoua</span> <span class='ocrx_word' id='word_1_273' title='bbox 469 3002 582 3043; x_wconf 77' lang='lat' dir='ltr'>(Nicolai</span> <span class='ocrx_word' id='word_1_274' title='bbox 592 3002 636 3044; x_wconf 83' lang='lat' dir='ltr'>de)</span> <span class='ocrx_word' id='word_1_275' title='bbox 650 3002 797 3044; x_wconf 77' lang='lat' dir='ltr'>presbyteri</span> <span class='ocrx_word' id='word_1_276' title='bbox 811 3003 950 3044; x_wconf 77' lang='lat' dir='ltr'>praedium</span> <span class='ocrx_word' id='word_1_277' title='bbox 960 3003 1118 3038; x_wconf 86' lang='lat' dir='ltr'>inCalabria</span> <span class='ocrx_word' id='word_1_278' title='bbox 1133 3006 1278 3046; x_wconf 81' lang='grc'><strong>172,547.</strong></span> 
     </span>
    </p>
   </div>
   <div class='ocr_carea' id='block_1_4' title="bbox 1307 450 2294 1465">
    <p class='ocr_par' dir='ltr' id='par_1_50' title="bbox 1307 450 1947 492">
     <span class='ocr_line' id='line_1_53' title="bbox 1307 450 1947 492; baseline 0.013 -11"><span class='ocrx_word' id='word_1_279' title='bbox 1307 450 1462 492; x_wconf 84' lang='lat' dir='ltr'>Capantona</span> <span class='ocrx_word' id='word_1_280' title='bbox 1482 454 1602 485; x_wconf 83' lang='lat' dir='ltr'>notarius</span> <span class='ocrx_word' id='word_1_281' title='bbox 1624 455 1695 487; x_wconf 85' lang='lat' dir='ltr'>tilius</span> <span class='ocrx_word' id='word_1_282' title='bbox 1716 456 1812 489; x_wconf 85' lang='lat' dir='ltr'>Leonis</span> <span class='ocrx_word' id='word_1_283' title='bbox 1832 460 1854 490; x_wconf 88' lang='lat' dir='ltr'>t.</span> <span class='ocrx_word' id='word_1_284' title='bbox 1880 457 1947 490; x_wconf 84' lang='grc'><strong>133.</strong></span> 
     </span>
    </p>

    <p class='ocr_par' dir='ltr' id='par_1_51' title="bbox 1307 502 1854 546">
     <span class='ocr_line' id='line_1_54' title="bbox 1307 502 1854 546; baseline 0.015 -13"><span class='ocrx_word' id='word_1_285' title='bbox 1307 502 1522 544; x_wconf 79' lang='lat' dir='ltr'>Capedeehorius</span> <span class='ocrx_word' id='word_1_286' title='bbox 1542 505 1658 538; x_wconf 79' lang='lat' dir='ltr'>Basilius</span> <span class='ocrx_word' id='word_1_287' title='bbox 1679 517 1705 539; x_wconf 79' lang='lat' dir='ltr'>v.</span> <span class='ocrx_word' id='word_1_288' title='bbox 1729 509 1780 546; x_wconf 87' lang='grc'>85,</span> <span class='ocrx_word' id='word_1_289' title='bbox 1804 510 1854 542; x_wconf 88' lang='lat'>86.</span> 
     </span>
    </p>

    <p class='ocr_par' dir='ltr' id='par_1_52' title="bbox 1307 553 1911 595">
     <span class='ocr_line' id='line_1_55' title="bbox 1307 553 1911 595; baseline 0.013 -11"><span class='ocrx_word' id='word_1_290' title='bbox 1307 553 1416 595; x_wconf 81' lang='lat' dir='ltr'>Capella</span> <span class='ocrx_word' id='word_1_291' title='bbox 1437 553 1470 586; x_wconf 87' lang='lat' dir='ltr'>S.</span> <span class='ocrx_word' id='word_1_292' title='bbox 1493 555 1620 586; x_wconf 74' lang='lat' dir='ltr'>Matthaei</span> <span class='ocrx_word' id='word_1_293' title='bbox 1641 557 1675 587; x_wconf 88' lang='lat' dir='ltr'>de</span> <span class='ocrx_word' id='word_1_294' title='bbox 1695 558 1820 590; x_wconf 82' lang='lat' dir='ltr'>Nicotera</span> <span class='ocrx_word' id='word_1_295' title='bbox 1842 560 1911 592; x_wconf 85' lang='lat'><strong>338.</strong></span> 
     </span>
    </p>

    <p class='ocr_par' dir='ltr' id='par_1_53' title="bbox 1307 605 2285 653">
     <span class='ocr_line' id='line_1_56' title="bbox 1307 605 2285 653; baseline 0.01 -18"><span class='ocrx_word' id='word_1_296' title='bbox 1307 605 1432 645; x_wconf 78' lang='lat' dir='ltr'>Capellae</span> <span class='ocrx_word' id='word_1_297' title='bbox 1454 607 1543 646; x_wconf 79' lang='lat' dir='ltr'>regiae</span> <span class='ocrx_word' id='word_1_298' title='bbox 1565 608 1708 638; x_wconf 86' lang='lat' dir='ltr'>eanonicus</span> <span class='ocrx_word' id='word_1_299' title='bbox 1730 609 1864 641; x_wconf 72' lang='lat' dir='ltr'>llenaldus</span> <span class='ocrx_word' id='word_1_300' title='bbox 1886 611 1959 650; x_wconf 79' lang='grc'><strong>229,</strong></span> <span class='ocrx_word' id='word_1_301' title='bbox 1984 613 2056 651; x_wconf 85' lang='grc'><strong>230,</strong></span> <span class='ocrx_word' id='word_1_302' title='bbox 2077 613 2202 653; x_wconf 81' lang='lat' dir='ltr'>Michael,</span> <span class='ocrx_word' id='word_1_303' title='bbox 2218 613 2285 646; x_wconf 87' lang='lat' dir='ltr'>ibid.</span> 
     </span>
    </p>

    <p class='ocr_par' dir='ltr' id='par_1_54' title="bbox 1307 654 2284 746">
     <span class='ocr_line' id='line_1_57' title="bbox 1307 654 2284 699; baseline 0.015 -16"><span class='ocrx_word' id='word_1_304' title='bbox 1307 654 1442 695; x_wconf 74' lang='lat' dir='ltr'>Capeliani</span> <span class='ocrx_word' id='word_1_305' title='bbox 1464 655 1575 686; x_wconf 86' lang='lat' dir='ltr'>Comitis</span> <span class='ocrx_word' id='word_1_306' title='bbox 1595 655 1703 698; x_wconf 73' lang='lat' dir='ltr'>liugerii</span> <span class='ocrx_word' id='word_1_307' title='bbox 1723 659 1861 699; x_wconf 72' lang='lat' dir='ltr'>flii-aldus,</span> <span class='ocrx_word' id='word_1_308' title='bbox 1883 662 1965 694; x_wconf 83' lang='lat' dir='ltr'>Fulco</span> <span class='ocrx_word' id='word_1_309' title='bbox 1986 667 2013 694; x_wconf 86' lang='lat' dir='ltr'>et</span> <span class='ocrx_word' id='word_1_310' title='bbox 2034 663 2181 696; x_wconf 80' lang='lat' dir='ltr'>Hieremias</span> <span class='ocrx_word' id='word_1_311' title='bbox 2200 665 2233 696; x_wconf 79' lang='lat' dir='ltr'>de</span> <span class='ocrx_word' id='word_1_312' title='bbox 2253 664 2284 698; x_wconf 89' lang='lat' dir='ltr'>S.</span> 
     </span>
     <span class='ocr_line' id='line_1_58' title="bbox 1347 706 1533 746; baseline 0 -9"><span class='ocrx_word' id='word_1_313' title='bbox 1347 706 1459 746; x_wconf 81' lang='lat' dir='ltr'>Aegidio</span> <span class='ocrx_word' id='word_1_314' title='bbox 1482 707 1533 737; x_wconf 92' lang='grc'>78.</span> 
     </span>
    </p>

    <p class='ocr_par' dir='ltr' id='par_1_55' title="bbox 1309 757 1699 798">
     <span class='ocr_line' id='line_1_59' title="bbox 1309 757 1699 798; baseline 0.015 -12"><span class='ocrx_word' id='word_1_315' title='bbox 1309 776 1345 781; x_wconf 93' lang='grc'>-</span> <span class='ocrx_word' id='word_1_316' title='bbox 1369 757 1451 798; x_wconf 79' lang='lat' dir='ltr'>Regis</span> <span class='ocrx_word' id='word_1_317' title='bbox 1471 757 1609 790; x_wconf 80' lang='lat' dir='ltr'>ltanaldus</span> <span class='ocrx_word' id='word_1_318' title='bbox 1629 758 1699 792; x_wconf 89' lang='grc'><strong>304.</strong></span> 
     </span>
    </p>

    <p class='ocr_par' dir='ltr' id='par_1_56' title="bbox 1307 805 1802 850">
     <span class='ocr_line' id='line_1_60' title="bbox 1307 805 1802 850; baseline 0.008 -11"><span class='ocrx_word' id='word_1_319' title='bbox 1307 807 1471 850; x_wconf 86' lang='lat' dir='ltr'>Capigrassa</span> <span class='ocrx_word' id='word_1_320' title='bbox 1491 805 1683 841; x_wconf 71' lang='lat' dir='ltr'>Constantinus</span> <span class='ocrx_word' id='word_1_321' title='bbox 1704 814 1725 842; x_wconf 90' lang='lat' dir='ltr'>t.</span> <span class='ocrx_word' id='word_1_322' title='bbox 1752 811 1802 844; x_wconf 87' lang='grc'>16.</span> 
     </span>
    </p>

    <p class='ocr_par' dir='ltr' id='par_1_57' title="bbox 1307 858 2178 905">
     <span class='ocr_line' id='line_1_61' title="bbox 1307 858 2178 905; baseline 0.011 -17"><span class='ocrx_word' id='word_1_323' title='bbox 1307 876 1348 882; x_wconf 84' lang='grc'><strong>-</strong></span> <span class='ocrx_word' id='word_1_324' title='bbox 1371 858 1484 890; x_wconf 81' lang='lat' dir='ltr'>loannes</span> <span class='ocrx_word' id='word_1_325' title='bbox 1505 859 1563 891; x_wconf 79' lang='lat' dir='ltr'>dux</span> <span class='ocrx_word' id='word_1_326' title='bbox 1584 860 1706 893; x_wconf 86' lang='lat' dir='ltr'>militaris</span> <span class='ocrx_word' id='word_1_327' title='bbox 1726 862 1865 903; x_wconf 84' lang='lat' dir='ltr'>manipuli,</span> <span class='ocrx_word' id='word_1_328' title='bbox 1887 863 2058 905; x_wconf 69' lang='grc' dir='ltr'><strong>ταξιάρχης,</strong></span> <span class='ocrx_word' id='word_1_329' title='bbox 2081 869 2103 897; x_wconf 90' lang='lat' dir='ltr'>t.</span> <span class='ocrx_word' id='word_1_330' title='bbox 2130 866 2178 898; x_wconf 84' lang='grc'>16.</span> 
     </span>
    </p>

    <p class='ocr_par' dir='ltr' id='par_1_58' title="bbox 1307 908 1630 943">
     <span class='ocr_line' id='line_1_62' title="bbox 1307 908 1630 943; baseline 0.009 -4"><span class='ocrx_word' id='word_1_331' title='bbox 1307 927 1349 932; x_wconf 94' lang='grc'><strong>-</strong></span> <span class='ocrx_word' id='word_1_332' title='bbox 1372 908 1512 941; x_wconf 74' lang='lat' dir='ltr'>paschalis</span> <span class='ocrx_word' id='word_1_333' title='bbox 1532 913 1554 942; x_wconf 92' lang='lat' dir='ltr'>t.</span> <span class='ocrx_word' id='word_1_334' title='bbox 1581 910 1630 943; x_wconf 85' lang='grc'>10.</span> 
     </span>
    </p>

    <p class='ocr_par' dir='ltr' id='par_1_59' title="bbox 1309 959 2293 1058">
     <span class='ocr_line' id='line_1_63' title="bbox 1309 959 2293 1007; baseline 0.011 -17"><span class='ocrx_word' id='word_1_335' title='bbox 1309 959 1401 1002; x_wconf 84' lang='lat' dir='ltr'>Capila</span> <span class='ocrx_word' id='word_1_336' title='bbox 1422 962 1502 994; x_wconf 80' lang='lat' dir='ltr'>vidua</span> <span class='ocrx_word' id='word_1_337' title='bbox 1523 962 1630 994; x_wconf 83' lang='lat' dir='ltr'>Ioannis</span> <span class='ocrx_word' id='word_1_338' title='bbox 1651 963 1685 995; x_wconf 92' lang='lat' dir='ltr'>de</span> <span class='ocrx_word' id='word_1_339' title='bbox 1705 963 1784 1005; x_wconf 78' lang='lat' dir='ltr'>Alipli</span> <span class='ocrx_word' id='word_1_340' title='bbox 1805 965 1916 1007; x_wconf 84' lang='lat' dir='ltr'>eiusque</span> <span class='ocrx_word' id='word_1_341' title='bbox 1936 965 1982 997; x_wconf 84' lang='lat' dir='ltr'>filii</span> <span class='ocrx_word' id='word_1_342' title='bbox 2003 966 2121 999; x_wconf 83' lang='lat' dir='ltr'>vendunt</span> <span class='ocrx_word' id='word_1_343' title='bbox 2141 968 2244 1000; x_wconf 86' lang='lat' dir='ltr'>vineam</span> <span class='ocrx_word' id='word_1_344' title='bbox 2264 972 2293 1002; x_wconf 85' lang='lat' dir='ltr'>et</span> 
     </span>
     <span class='ocr_line' id='line_1_64' title="bbox 1350 1010 2289 1058; baseline 0.01 -14"><span class='ocrx_word' id='word_1_345' title='bbox 1350 1014 1489 1054; x_wconf 84' lang='lat' dir='ltr'>praedium</span> <span class='ocrx_word' id='word_1_346' title='bbox 1510 1016 1669 1047; x_wconf 86' lang='lat' dir='ltr'>monasterio</span> <span class='ocrx_word' id='word_1_347' title='bbox 1690 1015 1721 1047; x_wconf 92' lang='lat' dir='ltr'>S.</span> <span class='ocrx_word' id='word_1_348' title='bbox 1746 1010 1854 1048; x_wconf 86' lang='lat' dir='ltr'>Ioannis</span> <span class='ocrx_word' id='word_1_349' title='bbox 1869 1017 2056 1058; x_wconf 82' lang='lat' dir='ltr'>Evangelistae</span> <span class='ocrx_word' id='word_1_350' title='bbox 2070 1018 2196 1052; x_wconf 81' lang='lat' dir='ltr'>Panormi</span> <span class='ocrx_word' id='word_1_351' title='bbox 2217 1020 2289 1054; x_wconf 85' lang='grc'><strong>249.</strong></span> 
     </span>
    </p>

    <p class='ocr_par' dir='ltr' id='par_1_60' title="bbox 1309 1065 2139 1112">
     <span class='ocr_line' id='line_1_65' title="bbox 1309 1065 2139 1112; baseline 0.008 -16"><span class='ocrx_word' id='word_1_352' title='bbox 1309 1065 1429 1107; x_wconf 78' lang='lat' dir='ltr'>Capillus</span> <span class='ocrx_word' id='word_1_353' title='bbox 1451 1076 1478 1098; x_wconf 93' lang='grc' dir='ltr'>ιι.</span> <span class='ocrx_word' id='word_1_354' title='bbox 1502 1067 1522 1098; x_wconf 92' lang='lat' dir='ltr'>l.</span> <span class='ocrx_word' id='word_1_355' title='bbox 1546 1069 1617 1109; x_wconf 87' lang='lat' dir='ltr'>apud</span> <span class='ocrx_word' id='word_1_356' title='bbox 1639 1068 1744 1100; x_wconf 86' lang='lat' dir='ltr'>Noham</span> <span class='ocrx_word' id='word_1_357' title='bbox 1767 1068 1933 1102; x_wconf 77' lang='lat' dir='ltr'>96—Rivus</span> <span class='ocrx_word' id='word_1_358' title='bbox 1954 1069 2049 1112; x_wconf 83' lang='lat' dir='ltr'>Capilli</span> <span class='ocrx_word' id='word_1_359' title='bbox 2071 1071 2139 1103; x_wconf 82' lang='lat'><strong>116.</strong></span> 
     </span>
    </p>

    <p class='ocr_par' dir='ltr' id='par_1_61' title="bbox 1310 1115 1781 1160">
     <span class='ocr_line' id='line_1_66' title="bbox 1310 1115 1781 1160; baseline 0.015 -14"><span class='ocrx_word' id='word_1_360' title='bbox 1310 1115 1424 1157; x_wconf 84' lang='lat' dir='ltr'>Capistri</span> <span class='ocrx_word' id='word_1_361' title='bbox 1446 1117 1551 1149; x_wconf 85' lang='lat' dir='ltr'>loannis</span> <span class='ocrx_word' id='word_1_362' title='bbox 1571 1120 1709 1160; x_wconf 84' lang='lat' dir='ltr'>praedium</span> <span class='ocrx_word' id='word_1_363' title='bbox 1730 1120 1781 1153; x_wconf 94' lang='lat'>98.</span> 
     </span>
    </p>

    <p class='ocr_par' dir='ltr' id='par_1_62' title="bbox 1310 1165 2243 1214">
     <span class='ocr_line' id='line_1_67' title="bbox 1310 1165 2243 1214; baseline 0.011 -18"><span class='ocrx_word' id='word_1_364' title='bbox 1310 1165 1476 1207; x_wconf 85' lang='lat' dir='ltr'>Capitulum,</span> <span class='ocrx_word' id='word_1_365' title='bbox 1499 1168 1695 1213; x_wconf 61' lang='grc' dir='ltr'>καπεζτοῡλον,</span> <span class='ocrx_word' id='word_1_366' title='bbox 1718 1171 1866 1203; x_wconf 73' lang='lat' dir='ltr'>Catanense</span> <span class='ocrx_word' id='word_1_367' title='bbox 1885 1172 1958 1210; x_wconf 90' lang='grc'><strong>419,</strong></span> <span class='ocrx_word' id='word_1_368' title='bbox 1982 1172 2150 1214; x_wconf 75' lang='lat' dir='ltr'>Scynaeense</span> <span class='ocrx_word' id='word_1_369' title='bbox 2171 1172 2243 1206; x_wconf 86' lang='grc'><strong>335.</strong></span> 
     </span>
    </p>

    <p class='ocr_par' dir='ltr' id='par_1_63' title="bbox 1311 1217 2294 1308">
     <span class='ocr_line' id='line_1_68' title="bbox 1311 1217 2294 1268; baseline 0.009 -19"><span class='ocrx_word' id='word_1_370' title='bbox 1311 1217 1406 1259; x_wconf 79' lang='lat' dir='ltr'>Capita</span> <span class='ocrx_word' id='word_1_371' title='bbox 1427 1220 1602 1260; x_wconf 58' lang='lat' dir='ltr'>iugulorum,</span> <span class='ocrx_word' id='word_1_372' title='bbox 1625 1221 1820 1261; x_wconf 69' lang='grc' dir='ltr'>κεφαλώματα</span> <span class='ocrx_word' id='word_1_373' title='bbox 1839 1224 1896 1255; x_wconf 73' lang='grc' dir='ltr'>τῶν</span> <span class='ocrx_word' id='word_1_374' title='bbox 1912 1222 2087 1266; x_wconf 71' lang='grc' dir='ltr'>Ἀργίλλαη,</span> <span class='ocrx_word' id='word_1_375' title='bbox 2103 1234 2130 1258; x_wconf 92' lang='grc' dir='ltr'>ιι.</span> <span class='ocrx_word' id='word_1_376' title='bbox 2148 1225 2168 1257; x_wconf 89' lang='lat' dir='ltr'>l.</span> <span class='ocrx_word' id='word_1_377' title='bbox 2186 1226 2212 1257; x_wconf 93' lang='grc' dir='ltr'>ιιι</span> <span class='ocrx_word' id='word_1_378' title='bbox 2227 1234 2294 1268; x_wconf 74' lang='lat' dir='ltr'>agro</span> 
     </span>
     <span class='ocr_line' id='line_1_69' title="bbox 1353 1271 1538 1308; baseline 0.005 -6"><span class='ocrx_word' id='word_1_379' title='bbox 1353 1271 1442 1308; x_wconf 80' lang='lat' dir='ltr'>lsoae,</span> <span class='ocrx_word' id='word_1_380' title='bbox 1468 1271 1538 1303; x_wconf 87' lang='grc'><strong>173.</strong></span> 
     </span>
    </p>

    <p class='ocr_par' dir='ltr' id='par_1_64' title="bbox 1314 1320 1767 1363">
     <span class='ocr_line' id='line_1_70' title="bbox 1314 1320 1767 1363; baseline 0.007 -12"><span class='ocrx_word' id='word_1_381' title='bbox 1314 1320 1512 1359; x_wconf 60' lang='lat' dir='ltr'>Karna-nixus,</span> <span class='ocrx_word' id='word_1_382' title='bbox 1535 1321 1669 1363; x_wconf 77' lang='lat' dir='ltr'>capitalia,</span> <span class='ocrx_word' id='word_1_383' title='bbox 1692 1323 1767 1355; x_wconf 85' lang='grc'><strong>487.</strong></span> 
     </span>
    </p>

    <p class='ocr_par' dir='ltr' id='par_1_65' title="bbox 1312 1373 1937 1414">
     <span class='ocr_line' id='line_1_71' title="bbox 1312 1373 1937 1414; baseline 0.003 -10"><span class='ocrx_word' id='word_1_384' title='bbox 1312 1373 1412 1414; x_wconf 85' lang='lat' dir='ltr'>Capitis</span> <span class='ocrx_word' id='word_1_385' title='bbox 1432 1373 1567 1409; x_wconf 74' lang='lat' dir='ltr'>excidium</span> <span class='ocrx_word' id='word_1_386' title='bbox 1590 1374 1639 1406; x_wconf 90' lang='grc'>18.</span> <span class='ocrx_word' id='word_1_387' title='bbox 1665 1374 1699 1406; x_wconf 92' lang='lat' dir='ltr'><strong>V.</strong></span> <span class='ocrx_word' id='word_1_388' title='bbox 1723 1374 1811 1407; x_wconf 77' lang='lat' dir='ltr'>Poena</span> <span class='ocrx_word' id='word_1_389' title='bbox 1833 1377 1937 1408; x_wconf 87' lang='lat' dir='ltr'>mortis.</span> 
     </span>
    </p>

    <p class='ocr_par' dir='ltr' id='par_1_66' title="bbox 1313 1422 1738 1465">
     <span class='ocr_line' id='line_1_72' title="bbox 1313 1422 1738 1465; baseline 0.007 -12"><span class='ocrx_word' id='word_1_390' title='bbox 1313 1422 1475 1464; x_wconf 72' lang='grc' dir='ltr'><strong>ΟψροιΙοιιε</strong></span> <span class='ocrx_word' id='word_1_391' title='bbox 1495 1423 1644 1465; x_wconf 83' lang='lat' dir='ltr'>Cumpania</span> <span class='ocrx_word' id='word_1_392' title='bbox 1666 1424 1738 1456; x_wconf 85' lang='grc'><strong>402.</strong></span> 
     </span>
    </p>
   </div>
   <div class='ocr_carea' id='block_1_5' title="bbox 1314 1474 2296 1558">
    <p class='ocr_par' dir='ltr' id='par_1_67' title="bbox 1314 1474 2296 1558">
     <span class='ocr_line' id='line_1_73' title="bbox 1314 1474 2296 1520; baseline 0.007 -15"><span class='ocrx_word' id='word_1_393' title='bbox 1314 1474 1441 1516; x_wconf 83' lang='lat' dir='ltr'>Cappeila</span> <span class='ocrx_word' id='word_1_394' title='bbox 1462 1475 1601 1516; x_wconf 74' lang='lat' dir='ltr'>(Magister</span> <span class='ocrx_word' id='word_1_395' title='bbox 1621 1475 1737 1508; x_wconf 82' lang='lat' dir='ltr'>Basilius</span> <span class='ocrx_word' id='word_1_396' title='bbox 1758 1477 1801 1517; x_wconf 83' lang='lat' dir='ltr'>de)</span> <span class='ocrx_word' id='word_1_397' title='bbox 1823 1476 1894 1509; x_wconf 81' lang='lat' dir='ltr'>filius</span> <span class='ocrx_word' id='word_1_398' title='bbox 1915 1478 2016 1510; x_wconf 75' lang='lat' dir='ltr'>Nicolai</span> <span class='ocrx_word' id='word_1_399' title='bbox 2047 1478 2189 1520; x_wconf 71' lang='lat' dir='ltr'>strategus</span> <span class='ocrx_word' id='word_1_400' title='bbox 2221 1478 2296 1512; x_wconf 76' lang='lat' dir='ltr'>otet-</span> 
     </span>
     <span class='ocr_line' id='line_1_74' title="bbox 1357 1526 1492 1558; baseline 0.008 -1"><span class='ocrx_word' id='word_1_401' title='bbox 1357 1531 1400 1557; x_wconf 78' lang='lat' dir='ltr'>tae</span> <span class='ocrx_word' id='word_1_402' title='bbox 1420 1526 1492 1558; x_wconf 77' lang='grc'><strong>233.</strong></span> 
     </span>
    </p>
   </div>
   <div class='ocr_carea' id='block_1_6' title="bbox 1315 1577 2300 3040">
    <p class='ocr_par' dir='ltr' id='par_1_68' title="bbox 1315 1577 1854 1619">
     <span class='ocr_line' id='line_1_75' title="bbox 1315 1577 1854 1619; baseline 0.006 -11"><span class='ocrx_word' id='word_1_403' title='bbox 1315 1577 1471 1619; x_wconf 82' lang='lat' dir='ltr'>Cappellum</span> <span class='ocrx_word' id='word_1_404' title='bbox 1492 1587 1520 1609; x_wconf 90' lang='lat' dir='ltr'>n.</span> <span class='ocrx_word' id='word_1_405' title='bbox 1546 1579 1565 1610; x_wconf 93' lang='lat' dir='ltr'>l.</span> <span class='ocrx_word' id='word_1_406' title='bbox 1589 1580 1615 1610; x_wconf 92' lang='lat' dir='ltr'>in</span> <span class='ocrx_word' id='word_1_407' title='bbox 1637 1578 1762 1611; x_wconf 77' lang='lat' dir='ltr'>Calabria</span> <span class='ocrx_word' id='word_1_408' title='bbox 1783 1579 1854 1611; x_wconf 90' lang='grc'><strong>298.</strong></span> 
     </span>
    </p>

    <p class='ocr_par' dir='ltr' id='par_1_69' title="bbox 1316 1629 1698 1671">
     <span class='ocr_line' id='line_1_76' title="bbox 1316 1629 1698 1671; baseline 0.005 -11"><span class='ocrx_word' id='word_1_409' title='bbox 1316 1629 1458 1671; x_wconf 84' lang='lat' dir='ltr'>Cappellus</span> <span class='ocrx_word' id='word_1_410' title='bbox 1478 1630 1604 1661; x_wconf 81' lang='lat' dir='ltr'>Nicotaus</span> <span class='ocrx_word' id='word_1_411' title='bbox 1626 1631 1698 1662; x_wconf 85' lang='lat'><strong>215.</strong></span> 
     </span>
    </p>

    <p class='ocr_par' dir='ltr' id='par_1_70' title="bbox 1317 1681 1907 1722">
     <span class='ocr_line' id='line_1_77' title="bbox 1317 1681 1907 1722; baseline 0.005 -11"><span class='ocrx_word' id='word_1_412' title='bbox 1317 1681 1462 1722; x_wconf 82' lang='lat' dir='ltr'>Caprarius</span> <span class='ocrx_word' id='word_1_413' title='bbox 1483 1681 1581 1712; x_wconf 85' lang='lat' dir='ltr'>Petrus</span> <span class='ocrx_word' id='word_1_414' title='bbox 1601 1686 1628 1713; x_wconf 86' lang='lat' dir='ltr'>et</span> <span class='ocrx_word' id='word_1_415' title='bbox 1649 1681 1749 1713; x_wconf 87' lang='lat' dir='ltr'>Consta</span> <span class='ocrx_word' id='word_1_416' title='bbox 1770 1692 1810 1714; x_wconf 79' lang='lat' dir='ltr'>vv.</span> <span class='ocrx_word' id='word_1_417' title='bbox 1838 1684 1907 1716; x_wconf 82' lang='lat'><strong>183.</strong></span> 
     </span>
    </p>

    <p class='ocr_par' dir='ltr' id='par_1_71' title="bbox 1317 1732 1786 1774">
     <span class='ocr_line' id='line_1_78' title="bbox 1317 1732 1786 1774; baseline 0.004 -11"><span class='ocrx_word' id='word_1_418' title='bbox 1317 1732 1474 1774; x_wconf 85' lang='lat' dir='ltr'>Capraruba</span> <span class='ocrx_word' id='word_1_419' title='bbox 1494 1733 1648 1765; x_wconf 84' lang='lat' dir='ltr'>Gualterius</span> <span class='ocrx_word' id='word_1_420' title='bbox 1669 1738 1689 1765; x_wconf 91' lang='lat' dir='ltr'>t.</span> <span class='ocrx_word' id='word_1_421' title='bbox 1712 1733 1786 1766; x_wconf 90' lang='grc'><strong>503.</strong></span> 
     </span>
    </p>

    <p class='ocr_par' dir='ltr' id='par_1_72' title="bbox 1317 1782 1763 1824">
     <span class='ocr_line' id='line_1_79' title="bbox 1317 1782 1763 1824; baseline 0.007 -12"><span class='ocrx_word' id='word_1_422' title='bbox 1317 1782 1466 1824; x_wconf 85' lang='lat' dir='ltr'>Capriellus</span> <span class='ocrx_word' id='word_1_423' title='bbox 1486 1783 1623 1815; x_wconf 84' lang='lat' dir='ltr'>Robertus</span> <span class='ocrx_word' id='word_1_424' title='bbox 1643 1787 1664 1815; x_wconf 89' lang='lat' dir='ltr'>t.</span> <span class='ocrx_word' id='word_1_425' title='bbox 1689 1783 1763 1816; x_wconf 90' lang='grc'><strong>208.</strong></span> 
     </span>
    </p>

    <p class='ocr_par' dir='ltr' id='par_1_73' title="bbox 1317 1834 1838 1876">
     <span class='ocr_line' id='line_1_80' title="bbox 1317 1834 1838 1876; baseline 0.002 -11"><span class='ocrx_word' id='word_1_426' title='bbox 1317 1834 1496 1876; x_wconf 81' lang='lat' dir='ltr'>Caprillingus</span> <span class='ocrx_word' id='word_1_427' title='bbox 1518 1834 1597 1876; x_wconf 86' lang='lat' dir='ltr'>Hugo</span> <span class='ocrx_word' id='word_1_428' title='bbox 1618 1835 1699 1866; x_wconf 79' lang='lat' dir='ltr'>iudex</span> <span class='ocrx_word' id='word_1_429' title='bbox 1721 1839 1741 1866; x_wconf 92' lang='lat' dir='ltr'>t.</span> <span class='ocrx_word' id='word_1_430' title='bbox 1766 1834 1838 1867; x_wconf 85' lang='lat'><strong>529.</strong></span> 
     </span>
    </p>

    <p class='ocr_par' dir='ltr' id='par_1_74' title="bbox 1316 1885 2297 1974">
     <span class='ocr_line' id='line_1_81' title="bbox 1316 1885 2297 1933; baseline 0.009 -17"><span class='ocrx_word' id='word_1_431' title='bbox 1316 1904 1357 1909; x_wconf 92' lang='lat'>—</span> <span class='ocrx_word' id='word_1_432' title='bbox 1377 1885 1489 1917; x_wconf 75' lang='lat' dir='ltr'>michael</span> <span class='ocrx_word' id='word_1_433' title='bbox 1511 1886 1620 1917; x_wconf 85' lang='lat' dir='ltr'>mandat</span> <span class='ocrx_word' id='word_1_434' title='bbox 1641 1886 1815 1918; x_wconf 76' lang='lat' dir='ltr'>exactoribus</span> <span class='ocrx_word' id='word_1_435' title='bbox 1836 1887 2005 1928; x_wconf 76' lang='lat' dir='ltr'>vectigalium</span> <span class='ocrx_word' id='word_1_436' title='bbox 2034 1888 2159 1923; x_wconf 83' lang='lat' dir='ltr'>Badulati</span> <span class='ocrx_word' id='word_1_437' title='bbox 2190 1899 2223 1924; x_wconf 76' lang='lat' dir='ltr'>ne</span> <span class='ocrx_word' id='word_1_438' title='bbox 2243 1901 2297 1933; x_wconf 84' lang='lat' dir='ltr'>qua</span> 
     </span>
     <span class='ocr_line' id='line_1_82' title="bbox 1359 1937 2057 1974; baseline 0.007 -6"><span class='ocrx_word' id='word_1_439' title='bbox 1359 1938 1479 1969; x_wconf 84' lang='lat' dir='ltr'>molestia</span> <span class='ocrx_word' id='word_1_440' title='bbox 1500 1939 1616 1969; x_wconf 86' lang='lat' dir='ltr'>afficiant</span> <span class='ocrx_word' id='word_1_441' title='bbox 1639 1937 1773 1970; x_wconf 84' lang='lat' dir='ltr'>Eremitas</span> <span class='ocrx_word' id='word_1_442' title='bbox 1793 1938 1826 1970; x_wconf 86' lang='lat' dir='ltr'>de</span> <span class='ocrx_word' id='word_1_443' title='bbox 1848 1939 1964 1974; x_wconf 79' lang='lat' dir='ltr'>Nemore</span> <span class='ocrx_word' id='word_1_444' title='bbox 1986 1939 2057 1973; x_wconf 88' lang='grc'><strong>219.</strong></span> 
     </span>
    </p>

    <p class='ocr_par' dir='ltr' id='par_1_75' title="bbox 1318 1989 1731 2030">
     <span class='ocr_line' id='line_1_83' title="bbox 1318 1989 1731 2030; baseline 0 -10"><span class='ocrx_word' id='word_1_445' title='bbox 1318 1989 1440 2030; x_wconf 87' lang='lat' dir='ltr'>Caprilus</span> <span class='ocrx_word' id='word_1_446' title='bbox 1461 1990 1593 2030; x_wconf 83' lang='lat' dir='ltr'>Georgius</span> <span class='ocrx_word' id='word_1_447' title='bbox 1615 1995 1635 2021; x_wconf 86' lang='lat' dir='ltr'>t.</span> <span class='ocrx_word' id='word_1_448' title='bbox 1662 1990 1731 2021; x_wconf 87' lang='grc'><strong>124.</strong></span> 
     </span>
    </p>

    <p class='ocr_par' dir='ltr' id='par_1_76' title="bbox 1318 2040 1757 2082">
     <span class='ocr_line' id='line_1_84' title="bbox 1318 2040 1757 2082; baseline 0.002 -12"><span class='ocrx_word' id='word_1_449' title='bbox 1318 2040 1414 2080; x_wconf 85' lang='lat' dir='ltr'>Caprio</span> <span class='ocrx_word' id='word_1_450' title='bbox 1435 2040 1558 2081; x_wconf 83' lang='lat' dir='ltr'>(loannes</span> <span class='ocrx_word' id='word_1_451' title='bbox 1577 2041 1621 2082; x_wconf 85' lang='lat' dir='ltr'>de)</span> <span class='ocrx_word' id='word_1_452' title='bbox 1642 2044 1662 2071; x_wconf 91' lang='lat' dir='ltr'>t.</span> <span class='ocrx_word' id='word_1_453' title='bbox 1689 2040 1757 2072; x_wconf 84' lang='grc'><strong>104.</strong></span> 
     </span>
    </p>

    <p class='ocr_par' dir='ltr' id='par_1_77' title="bbox 1318 2091 1929 2133">
     <span class='ocr_line' id='line_1_85' title="bbox 1318 2091 1929 2133; baseline 0.005 -12"><span class='ocrx_word' id='word_1_454' title='bbox 1318 2091 1465 2133; x_wconf 82' lang='lat' dir='ltr'>Captalbus</span> <span class='ocrx_word' id='word_1_455' title='bbox 1486 2091 1613 2122; x_wconf 85' lang='lat' dir='ltr'>Nicolaus</span> <span class='ocrx_word' id='word_1_456' title='bbox 1633 2092 1792 2122; x_wconf 84' lang='lat' dir='ltr'>Anastasius</span> <span class='ocrx_word' id='word_1_457' title='bbox 1813 2096 1833 2123; x_wconf 89' lang='lat' dir='ltr'>t.</span> <span class='ocrx_word' id='word_1_458' title='bbox 1858 2093 1929 2124; x_wconf 86' lang='grc'><strong>521.</strong></span> 
     </span>
    </p>

    <p class='ocr_par' dir='ltr' id='par_1_78' title="bbox 1318 2142 2300 2285">
     <span class='ocr_line' id='line_1_86' title="bbox 1318 2142 2300 2184; baseline 0.006 -10"><span class='ocrx_word' id='word_1_459' title='bbox 1318 2143 1437 2184; x_wconf 78' lang='lat' dir='ltr'>Capuae,</span> <span class='ocrx_word' id='word_1_460' title='bbox 1463 2142 1599 2175; x_wconf 68' lang='lat' dir='ltr'>Koiamuas</span> <span class='ocrx_word' id='word_1_461' title='bbox 1614 2148 1640 2174; x_wconf 80' lang='lat' dir='ltr'>et</span> <span class='ocrx_word' id='word_1_462' title='bbox 1655 2143 1775 2176; x_wconf 68' lang='grc' dir='ltr'><strong><em>Κάπυης</em></strong></span> <span class='ocrx_word' id='word_1_463' title='bbox 1796 2145 1893 2175; x_wconf 86' lang='lat' dir='ltr'>mentio</span> <span class='ocrx_word' id='word_1_464' title='bbox 1916 2145 2185 2179; x_wconf 74' lang='lat' dir='ltr'>lo—Monastenum</span> <span class='ocrx_word' id='word_1_465' title='bbox 2199 2148 2230 2179; x_wconf 91' lang='lat' dir='ltr'>S.</span> <span class='ocrx_word' id='word_1_466' title='bbox 2247 2148 2300 2180; x_wconf 81' lang='lat' dir='ltr'>Be·</span> 
     </span>
     <span class='ocr_line' id='line_1_87' title="bbox 1359 2193 2299 2237; baseline 0.007 -13"><span class='ocrx_word' id='word_1_467' title='bbox 1359 2193 1455 2224; x_wconf 85' lang='lat' dir='ltr'>nedieti</span> <span class='ocrx_word' id='word_1_468' title='bbox 1470 2194 1495 2223; x_wconf 87' lang='lat' dir='ltr'>in</span> <span class='ocrx_word' id='word_1_469' title='bbox 1505 2193 1557 2224; x_wconf 87' lang='lat' dir='ltr'>hae</span> <span class='ocrx_word' id='word_1_470' title='bbox 1578 2193 1682 2224; x_wconf 83' lang='lat' dir='ltr'>civitate</span> <span class='ocrx_word' id='word_1_471' title='bbox 1705 2193 1885 2226; x_wconf 69' lang='lat' dir='ltr'>24—Comes</span> <span class='ocrx_word' id='word_1_472' title='bbox 1906 2194 2038 2237; x_wconf 77' lang='lat' dir='ltr'>Begerius</span> <span class='ocrx_word' id='word_1_473' title='bbox 2057 2205 2119 2228; x_wconf 87' lang='lat' dir='ltr'>eam</span> <span class='ocrx_word' id='word_1_474' title='bbox 2141 2206 2210 2230; x_wconf 86' lang='lat' dir='ltr'>anno</span> <span class='ocrx_word' id='word_1_475' title='bbox 2220 2199 2299 2231; x_wconf 86' lang='grc'><strong>1098</strong></span> 
     </span>
     <span class='ocr_line' id='line_1_88' title="bbox 1358 2243 2177 2285; baseline 0.007 -11"><span class='ocrx_word' id='word_1_476' title='bbox 1358 2244 1462 2275; x_wconf 84' lang='lat' dir='ltr'>obsidet</span> <span class='ocrx_word' id='word_1_477' title='bbox 1484 2243 1674 2284; x_wconf 86' lang='lat' dir='ltr'>83—Capuae</span> <span class='ocrx_word' id='word_1_478' title='bbox 1696 2243 1824 2285; x_wconf 79' lang='lat' dir='ltr'>Princeps</span> <span class='ocrx_word' id='word_1_479' title='bbox 1845 2244 1969 2277; x_wconf 81' lang='lat' dir='ltr'>Carolus.</span> <span class='ocrx_word' id='word_1_480' title='bbox 1994 2246 2028 2278; x_wconf 92' lang='lat' dir='ltr'>V.</span> <span class='ocrx_word' id='word_1_481' title='bbox 2051 2247 2177 2281; x_wconf 78' lang='lat' dir='ltr'>Carolus,</span> 
     </span>
    </p>

    <p class='ocr_par' dir='ltr' id='par_1_79' title="bbox 1318 2293 2144 2335">
     <span class='ocr_line' id='line_1_89' title="bbox 1318 2293 2144 2335; baseline 0.005 -9"><span class='ocrx_word' id='word_1_482' title='bbox 1318 2295 1431 2335; x_wconf 83' lang='lat' dir='ltr'>Capurri</span> <span class='ocrx_word' id='word_1_483' title='bbox 1453 2293 1494 2334; x_wconf 90' lang='lat' dir='ltr'>(S.</span> <span class='ocrx_word' id='word_1_484' title='bbox 1519 2294 1602 2325; x_wconf 85' lang='lat' dir='ltr'>Maria</span> <span class='ocrx_word' id='word_1_485' title='bbox 1623 2294 1656 2325; x_wconf 88' lang='lat' dir='ltr'>de</span> <span class='ocrx_word' id='word_1_486' title='bbox 1677 2294 1756 2334; x_wconf 87' lang='lat' dir='ltr'>colle)</span> <span class='ocrx_word' id='word_1_487' title='bbox 1777 2295 1804 2325; x_wconf 88' lang='lat' dir='ltr'>in</span> <span class='ocrx_word' id='word_1_488' title='bbox 1825 2295 1930 2326; x_wconf 85' lang='lat' dir='ltr'>civitate</span> <span class='ocrx_word' id='word_1_489' title='bbox 1951 2295 2051 2328; x_wconf 87' lang='lat' dir='ltr'>Catacii</span> <span class='ocrx_word' id='word_1_490' title='bbox 2073 2298 2144 2330; x_wconf 88' lang='grc'><strong>502.</strong></span> 
     </span>
    </p>

    <p class='ocr_par' dir='ltr' id='par_1_80' title="bbox 1317 2343 2038 2385">
     <span class='ocr_line' id='line_1_90' title="bbox 1317 2343 2038 2385; baseline 0.006 -10"><span class='ocrx_word' id='word_1_491' title='bbox 1317 2346 1439 2385; x_wconf 88' lang='lat' dir='ltr'>Caputus</span> <span class='ocrx_word' id='word_1_492' title='bbox 1461 2344 1600 2376; x_wconf 87' lang='lat' dir='ltr'>Perrunus</span> <span class='ocrx_word' id='word_1_493' title='bbox 1622 2343 1746 2375; x_wconf 82' lang='lat' dir='ltr'>Badulati</span> <span class='ocrx_word' id='word_1_494' title='bbox 1766 2343 1849 2376; x_wconf 87' lang='lat' dir='ltr'>iudex</span> <span class='ocrx_word' id='word_1_495' title='bbox 1871 2346 1944 2384; x_wconf 82' lang='grc'><strong>478,</strong></span> <span class='ocrx_word' id='word_1_496' title='bbox 1966 2347 2038 2379; x_wconf 80' lang='grc'><strong>480.</strong></span> 
     </span>
    </p>

    <p class='ocr_par' dir='ltr' id='par_1_81' title="bbox 1318 2394 1723 2436">
     <span class='ocr_line' id='line_1_91' title="bbox 1318 2394 1723 2436; baseline -0.003 -10"><span class='ocrx_word' id='word_1_497' title='bbox 1318 2395 1388 2426; x_wconf 82' lang='lat' dir='ltr'>Caia</span> <span class='ocrx_word' id='word_1_498' title='bbox 1409 2395 1520 2435; x_wconf 84' lang='lat' dir='ltr'>(Petrus</span> <span class='ocrx_word' id='word_1_499' title='bbox 1541 2396 1586 2436; x_wconf 89' lang='lat' dir='ltr'>de)</span> <span class='ocrx_word' id='word_1_500' title='bbox 1607 2399 1629 2427; x_wconf 87' lang='lat' dir='ltr'>t</span> <span class='ocrx_word' id='word_1_501' title='bbox 1652 2394 1723 2425; x_wconf 83' lang='lat'>222</span> 
     </span>
    </p>

    <p class='ocr_par' dir='ltr' id='par_1_82' title="bbox 1318 2428 2299 2537">
     <span class='ocr_line' id='line_1_92' title="bbox 1318 2428 2299 2487; baseline 0.009 -11"><span class='ocrx_word' id='word_1_502' title='bbox 1318 2445 1463 2477; x_wconf 85' lang='lat' dir='ltr'>Carahuna</span> <span class='ocrx_word' id='word_1_503' title='bbox 1483 2446 1537 2476; x_wconf 86' lang='lat' dir='ltr'>filia</span> <span class='ocrx_word' id='word_1_504' title='bbox 1558 2446 1714 2477; x_wconf 88' lang='lat' dir='ltr'>demortuae</span> <span class='ocrx_word' id='word_1_505' title='bbox 1737 2428 1880 2487; x_wconf 79' lang='lat' dir='ltr'>Argentiae</span> <span class='ocrx_word' id='word_1_506' title='bbox 1902 2447 1935 2479; x_wconf 90' lang='lat' dir='ltr'>de</span> <span class='ocrx_word' id='word_1_507' title='bbox 1956 2448 2047 2481; x_wconf 86' lang='lat' dir='ltr'>Laudo</span> <span class='ocrx_word' id='word_1_508' title='bbox 2068 2451 2148 2483; x_wconf 88' lang='lat' dir='ltr'>tradit</span> <span class='ocrx_word' id='word_1_509' title='bbox 2168 2457 2299 2485; x_wconf 80' lang='lat' dir='ltr'>monaste·</span> 
     </span>
     <span class='ocr_line' id='line_1_93' title="bbox 1358 2497 2297 2537; baseline 0.01 -10"><span class='ocrx_word' id='word_1_510' title='bbox 1358 2498 1397 2528; x_wconf 89' lang='lat' dir='ltr'>rio</span> <span class='ocrx_word' id='word_1_511' title='bbox 1418 2497 1448 2528; x_wconf 98' lang='lat' dir='ltr'><strong>S</strong></span> <span class='ocrx_word' id='word_1_512' title='bbox 1473 2497 1597 2527; x_wconf 82' lang='lat' dir='ltr'>Phantini</span> <span class='ocrx_word' id='word_1_513' title='bbox 1619 2506 1649 2528; x_wconf 89' lang='lat' dir='ltr'>se</span> <span class='ocrx_word' id='word_1_514' title='bbox 1670 2497 1755 2537; x_wconf 82' lang='lat' dir='ltr'>ipsam</span> <span class='ocrx_word' id='word_1_515' title='bbox 1775 2506 1829 2528; x_wconf 86' lang='lat' dir='ltr'>una</span> <span class='ocrx_word' id='word_1_516' title='bbox 1849 2507 1912 2529; x_wconf 85' lang='lat' dir='ltr'>cum</span> <span class='ocrx_word' id='word_1_517' title='bbox 1926 2500 2051 2532; x_wconf 84' lang='lat' dir='ltr'>omnibus</span> <span class='ocrx_word' id='word_1_518' title='bbox 2066 2503 2122 2533; x_wconf 89' lang='lat' dir='ltr'>suis</span> <span class='ocrx_word' id='word_1_519' title='bbox 2136 2502 2211 2536; x_wconf 84' lang='lat' dir='ltr'>bonis</span> <span class='ocrx_word' id='word_1_520' title='bbox 2226 2503 2297 2536; x_wconf 90' lang='grc'><strong>375.</strong></span> 
     </span>
    </p>

    <p class='ocr_par' dir='ltr' id='par_1_83' title="bbox 1319 2547 2075 2589">
     <span class='ocr_line' id='line_1_94' title="bbox 1319 2547 2075 2589; baseline 0.004 -9"><span class='ocrx_word' id='word_1_521' title='bbox 1319 2549 1457 2580; x_wconf 81' lang='lat' dir='ltr'>Caracalla</span> <span class='ocrx_word' id='word_1_522' title='bbox 1480 2547 1589 2589; x_wconf 87' lang='lat' dir='ltr'>(Consta</span> <span class='ocrx_word' id='word_1_523' title='bbox 1610 2548 1655 2588; x_wconf 90' lang='lat' dir='ltr'>de)</span> <span class='ocrx_word' id='word_1_524' title='bbox 1677 2552 1705 2579; x_wconf 84' lang='lat' dir='ltr'>et</span> <span class='ocrx_word' id='word_1_525' title='bbox 1726 2548 1840 2581; x_wconf 86' lang='lat' dir='ltr'>loannes</span> <span class='ocrx_word' id='word_1_526' title='bbox 1861 2552 1982 2582; x_wconf 86' lang='lat' dir='ltr'>notarius</span> <span class='ocrx_word' id='word_1_527' title='bbox 2004 2552 2075 2584; x_wconf 87' lang='grc'><strong>205.</strong></span> 
     </span>
    </p>

    <p class='ocr_par' dir='ltr' id='par_1_84' title="bbox 1319 2599 1718 2632">
     <span class='ocr_line' id='line_1_95' title="bbox 1319 2599 1718 2632; baseline 0 0"><span class='ocrx_word' id='word_1_528' title='bbox 1319 2601 1445 2632; x_wconf 85' lang='lat' dir='ltr'>Caracles</span> <span class='ocrx_word' id='word_1_529' title='bbox 1467 2599 1579 2631; x_wconf 86' lang='lat' dir='ltr'>Ioannes</span> <span class='ocrx_word' id='word_1_530' title='bbox 1600 2604 1622 2632; x_wconf 87' lang='lat' dir='ltr'>t.</span> <span class='ocrx_word' id='word_1_531' title='bbox 1647 2600 1718 2632; x_wconf 90' lang='grc'><strong>269.</strong></span> 
     </span>
    </p>

    <p class='ocr_par' dir='ltr' id='par_1_85' title="bbox 1320 2652 2002 2693">
     <span class='ocr_line' id='line_1_96' title="bbox 1320 2652 2002 2693; baseline 0.003 -10"><span class='ocrx_word' id='word_1_532' title='bbox 1320 2652 1436 2685; x_wconf 83' lang='lat' dir='ltr'>Caralea</span> <span class='ocrx_word' id='word_1_533' title='bbox 1456 2652 1635 2693; x_wconf 79' lang='lat' dir='ltr'>(Alpheranae</span> <span class='ocrx_word' id='word_1_534' title='bbox 1656 2653 1699 2693; x_wconf 82' lang='lat' dir='ltr'>do)</span> <span class='ocrx_word' id='word_1_535' title='bbox 1723 2655 1911 2685; x_wconf 85' lang='lat' dir='ltr'>testamentum</span> <span class='ocrx_word' id='word_1_536' title='bbox 1933 2654 2002 2685; x_wconf 87' lang='grc'><strong>191.</strong></span> 
     </span>
    </p>

    <p class='ocr_par' dir='ltr' id='par_1_86' title="bbox 1319 2703 2111 2741">
     <span class='ocr_line' id='line_1_97' title="bbox 1319 2703 2111 2741; baseline 0 -6"><span class='ocrx_word' id='word_1_537' title='bbox 1319 2703 1434 2735; x_wconf 84' lang='lat' dir='ltr'>Caralea</span> <span class='ocrx_word' id='word_1_538' title='bbox 1454 2703 1576 2741; x_wconf 74' lang='lat' dir='ltr'>handus,</span> <span class='ocrx_word' id='word_1_539' title='bbox 1599 2703 1724 2740; x_wconf 86' lang='lat' dir='ltr'>Ioannes,</span> <span class='ocrx_word' id='word_1_540' title='bbox 1748 2703 1825 2735; x_wconf 84' lang='lat' dir='ltr'>Anna</span> <span class='ocrx_word' id='word_1_541' title='bbox 1845 2707 1872 2734; x_wconf 87' lang='lat' dir='ltr'>et</span> <span class='ocrx_word' id='word_1_542' title='bbox 1894 2704 2019 2736; x_wconf 75' lang='lat' dir='ltr'>Nicotaus</span> <span class='ocrx_word' id='word_1_543' title='bbox 2042 2705 2111 2737; x_wconf 90' lang='grc'><strong>191.</strong></span> 
     </span>
    </p>

    <p class='ocr_par' dir='ltr' id='par_1_87' title="bbox 1320 2752 2261 2796">
     <span class='ocr_line' id='line_1_98' title="bbox 1320 2752 2261 2796; baseline 0.005 -12"><span class='ocrx_word' id='word_1_544' title='bbox 1320 2753 1487 2785; x_wconf 81' lang='lat' dir='ltr'>Caramallus</span> <span class='ocrx_word' id='word_1_545' title='bbox 1508 2752 1699 2785; x_wconf 84' lang='lat' dir='ltr'>Constantinus</span> <span class='ocrx_word' id='word_1_546' title='bbox 1723 2753 1793 2791; x_wconf 87' lang='grc'><strong>101,</strong></span> <span class='ocrx_word' id='word_1_547' title='bbox 1806 2757 1833 2785; x_wconf 86' lang='lat' dir='ltr'>et</span> <span class='ocrx_word' id='word_1_548' title='bbox 1853 2753 1979 2786; x_wconf 82' lang='lat' dir='ltr'>Nicolaus</span> <span class='ocrx_word' id='word_1_549' title='bbox 1999 2754 2136 2796; x_wconf 77' lang='lat' dir='ltr'>presbyter</span> <span class='ocrx_word' id='word_1_550' title='bbox 2158 2757 2196 2789; x_wconf 92' lang='grc'>77</span> <span class='ocrx_word' id='word_1_551' title='bbox 2219 2766 2261 2789; x_wconf 83' lang='lat' dir='ltr'>vv.</span> 
     </span>
    </p>

    <p class='ocr_par' dir='ltr' id='par_1_88' title="bbox 1320 2803 1811 2835">
     <span class='ocr_line' id='line_1_99' title="bbox 1320 2803 1811 2835; baseline -0.002 0"><span class='ocrx_word' id='word_1_552' title='bbox 1320 2822 1361 2827; x_wconf 97' lang='lat'>—</span> <span class='ocrx_word' id='word_1_553' title='bbox 1382 2804 1497 2835; x_wconf 84' lang='lat' dir='ltr'>Ioannes</span> <span class='ocrx_word' id='word_1_554' title='bbox 1517 2806 1545 2834; x_wconf 86' lang='lat' dir='ltr'>et</span> <span class='ocrx_word' id='word_1_555' title='bbox 1565 2803 1663 2834; x_wconf 87' lang='lat' dir='ltr'>Petrus</span> <span class='ocrx_word' id='word_1_556' title='bbox 1685 2806 1717 2834; x_wconf 93' lang='lat' dir='ltr'>tt.</span> <span class='ocrx_word' id='word_1_557' title='bbox 1741 2803 1811 2834; x_wconf 82' lang='grc'><strong>248.</strong></span> 
     </span>
    </p>

    <p class='ocr_par' dir='ltr' id='par_1_89' title="bbox 1321 2853 1907 2892">
     <span class='ocr_line' id='line_1_100' title="bbox 1321 2853 1907 2892; baseline 0.002 -7"><span class='ocrx_word' id='word_1_558' title='bbox 1321 2873 1361 2878; x_wconf 89' lang='grc'><strong>-</strong></span> <span class='ocrx_word' id='word_1_559' title='bbox 1383 2853 1482 2886; x_wconf 83' lang='lat' dir='ltr'>Petrus</span> <span class='ocrx_word' id='word_1_560' title='bbox 1502 2854 1621 2885; x_wconf 88' lang='lat' dir='ltr'>notarius</span> <span class='ocrx_word' id='word_1_561' title='bbox 1646 2853 1717 2891; x_wconf 88' lang='grc'><strong>197,</strong></span> <span class='ocrx_word' id='word_1_562' title='bbox 1742 2853 1812 2892; x_wconf 86' lang='grc'><strong>218,</strong></span> <span class='ocrx_word' id='word_1_563' title='bbox 1836 2854 1907 2886; x_wconf 88' lang='grc'><strong>229.</strong></span> 
     </span>
    </p>

    <p class='ocr_par' dir='ltr' id='par_1_90' title="bbox 1324 2905 2050 2947">
     <span class='ocr_line' id='line_1_101' title="bbox 1324 2905 2050 2947; baseline 0.001 -11"><span class='ocrx_word' id='word_1_564' title='bbox 1324 2906 1472 2947; x_wconf 69' lang='grc' dir='ltr'>Κάρατρον</span> <span class='ocrx_word' id='word_1_565' title='bbox 1492 2905 1543 2935; x_wconf 69' lang='grc' dir='ltr'>τοῦ</span> <span class='ocrx_word' id='word_1_566' title='bbox 1562 2905 1704 2942; x_wconf 59' lang='grc' dir='ltr'>ποταμοῦ,</span> <span class='ocrx_word' id='word_1_567' title='bbox 1727 2909 1807 2946; x_wconf 81' lang='lat' dir='ltr'>caput</span> <span class='ocrx_word' id='word_1_568' title='bbox 1828 2905 1955 2944; x_wconf 50' lang='lat' dir='ltr'>flaminia,</span> <span class='ocrx_word' id='word_1_569' title='bbox 1980 2907 2050 2939; x_wconf 81' lang='grc'><strong>556.</strong></span> 
     </span>
    </p>

    <p class='ocr_par' dir='ltr' id='par_1_91' title="bbox 1323 2955 1832 2988">
     <span class='ocr_line' id='line_1_102' title="bbox 1323 2955 1832 2988; baseline 0 0"><span class='ocrx_word' id='word_1_570' title='bbox 1323 2957 1466 2988; x_wconf 84' lang='lat' dir='ltr'>Caratrum</span> <span class='ocrx_word' id='word_1_571' title='bbox 1487 2964 1515 2987; x_wconf 92' lang='grc' dir='ltr'>ιι.</span> <span class='ocrx_word' id='word_1_572' title='bbox 1540 2955 1559 2986; x_wconf 91' lang='lat' dir='ltr'>l.</span> <span class='ocrx_word' id='word_1_573' title='bbox 1584 2956 1612 2986; x_wconf 89' lang='lat' dir='ltr'>in</span> <span class='ocrx_word' id='word_1_574' title='bbox 1633 2955 1760 2988; x_wconf 85' lang='lat' dir='ltr'>Calabria</span> <span class='ocrx_word' id='word_1_575' title='bbox 1782 2955 1832 2988; x_wconf 88' lang='grc'>58.</span> 
     </span>
    </p>

    <p class='ocr_par' dir='ltr' id='par_1_92' title="bbox 1324 3005 1731 3040">
     <span class='ocr_line' id='line_1_103' title="bbox 1324 3005 1731 3040; baseline -0.01 0"><span class='ocrx_word' id='word_1_576' title='bbox 1324 3007 1458 3040; x_wconf 79' lang='lat' dir='ltr'>Caratzita</span> <span class='ocrx_word' id='word_1_577' title='bbox 1479 3007 1593 3040; x_wconf 79' lang='lat' dir='ltr'>loannes</span> <span class='ocrx_word' id='word_1_578' title='bbox 1614 3009 1635 3038; x_wconf 89' lang='lat' dir='ltr'>t.</span> <span class='ocrx_word' id='word_1_579' title='bbox 1661 3005 1731 3037; x_wconf 82' lang='lat'><strong>312.</strong></span> 
     </span>
    </p>
   </div>
  </div>
 </body>
</html>
