2652 3762
433 362 535 391 xxxn

383 441 497 481 quam
525 429 697 469 consule.
728 426 835 471 Quod
864 427 896 467 si
917 426 966 466 ob
986 426 1120 466 oculos
1148 425 1324 466 universa
1352 426 1450 466 baec
1476 430 1608 468 nostra
1635 428 1864 469 documenta
1892 429 2038 469 babere
2063 430 2207 481 Gangio
2231 432 2361 473 licuis-

380 498 457 544 set,
487 495 591 532 certe
619 490 772 560 quidem
801 490 992 539 quantitis
1028 490 1113 539 ipsa
1149 488 1262 538 pretii
1291 490 1561 540 aestimasset,
1591 495 1723 541 utpote
1751 477 1988 532 incremento
2016 493 2214 534 doctrinae
2242 495 2365 545 pbilo-

381 554 533 604 logicae
552 561 626 592 non
646 536 893 591 mediocriter
912 549 1128 599 protutura,
1149 553 1190 589 el.
1207 550 1436 599 praesertim
1456 520 1561 599 quoa’
1578 561 1625 590 ex
1640 553 1713 592 boc
1729 555 2038 593 membranarum
2057 564 2201 602 genere
2219 565 2363 604 graeca

382 616 571 657 dialectus
590 615 790 654 Calabriae
809 615 943 663 posset
961 612 1185 663 internosci,
1207 616 1247 651 et
1264 623 1286 651 a
1306 612 1484 653 dialectis
1502 618 1742 654 caeterarum
1762 616 1946 656 Graeciae
1965 616 2261 655 Transmarinae
2280 627 2367 666 pro-

381 677 592 718 vinciarum
621 674 892 714 discriminari.
924 672 1005 713 Non
1035 674 1084 712 de
1112 674 1308 713 veteribus
1336 683 1407 713 nos
1434 674 1521 714 beic
1548 675 1742 723 loquimur
1769 677 1968 728 dialectis,
1999 677 2177 716 nimirum
2205 678 2331 717 Attica
2350 709 2361 728 ‚

383 738 490 779 ionia
508 766 519 788 ‚
550 736 703 786 Dorica,
733 739 772 774 et
799 735 970 775 Aeolica.
1001 735 1225 784 Quanquam
1253 736 1354 775 enim
1383 736 1490 785 prior
1517 746 1650 775 earum
1679 735 1853 788 Neapoli,
1874 741 1986 778 tertia
2015 748 2105 779 vero
2125 739 2162 777 in
2182 739 2359 778 Calabria

383 800 608 849 eminuerit,
639 798 677 837 id
705 797 860 847 quidem
887 808 982 837 aevo
1011 798 1173 847 contigit
1199 797 1432 848 antiquiore,
1463 799 1515 837 uti
1545 802 1651 847 patet
1669 809 1718 838 ex
1736 799 1971 842 Martorellio
1995 802 2066 854 (i),
2096 802 2292 842 Mazoebin
2310 802 2368 854 (2)

384 865 424 901 et
452 861 590 901 iuvene
615 859 700 910 (3),
730 868 893 908 quorum
921 858 1030 909 prior
1055 859 1104 898 de
1133 857 1386 907 Neapolitano
1414 859 1616 898 Atticismo
1634 889 1644 909 ,
1674 860 1773 899 alter
1800 862 1848 900 de
1878 861 2054 903 Dorismo
2087 864 2335 903 lleraclecnsi
2360 893 2370 914 ,

382 922 522 963 tertius
549 921 598 961 de
628 920 804 961 Dorismo
832 920 1039 960 Tarentino
1066 920 1359 969 disseruerunt,
1389 924 1430 960 et
1457 921 1533 960 duo
1561 922 1748 971 postremi
1777 933 1823 960 ex
1855 922 2019 962 ilorismi
2054 926 2229 974 reliquiis
2255 935 2369 964 suum

383 987 550 1038 quisque
578 985 745 1027 Lexicon
771 995 847 1027 non
874 986 926 1025 ita
956 995 1135 1034 inagnum
1173 985 1344 1034 posteris
1380 986 1635 1025 tradiderunt.
1669 987 1744 1026 Sed
1774 991 1976 1037 postquam
2011 988 2167 1028 Romani
2205 990 2368 1028 Graecia

382 1052 464 1089 tum
494 1048 646 1100 Magna,
675 1051 756 1088 tum
784 1047 1055 1087 Transmarina
1083 1046 1195 1096 potiti
1223 1046 1393 1097 fuerunt,
1422 1057 1557 1088 omnes
1585 1053 1756 1088 veterum
1789 1050 2043 1088 ‹liaiectorum
2077 1051 2297 1100 varietates,
2327 1054 2370 1089 ut

383 1110 439 1150 ait
466 1109 681 1150 Salmasius
709 1108 781 1159 (4),
810 1108 1050 1148 abolefactac
1077 1111 1180 1158 sunt,
1211 1111 1250 1147 ct
1277 1109 1409 1158 graeci
1438 1110 1629 1149 sermonis
1657 1111 1775 1150 iacies
1796 1122 1908 1150 unam
1934 1112 2197 1150 tantummodo
2216 1111 2372 1162 faciem,

384 1181 549 1221 eamque
575 1172 700 1221 magis
728 1172 930 1219 magisque
959 1170 996 1207 in
1025 1169 1110 1209 dies
1137 1171 1388 1220 corruptione
1424 1172 1688 1211 tabescentem
1724 1173 1861 1212 induit.
1892 1173 1987 1212 Tum
2025 1182 2116 1212 vero
2152 1173 2252 1212 aliae
2289 1183 2374 1222 pro-

384 1235 539 1275 dierunt
566 1235 736 1284 dialecti,
767 1244 928 1283 quarum
958 1233 1113 1273 Simeon
1144 1233 1343 1274 Cabasilas
1371 1245 1466 1274 aevo
1494 1245 1566 1274 suo
1603 1237 1847 1286 septuaginta
1887 1238 2113 1277 numerabat
2149 1238 2250 1287 apud
2281 1239 2374 1276 Gan·

383 1298 490 1347 giam
518 1295 590 1346 (5).
624 1296 724 1335 inter
751 1297 822 1336 bas
851 1297 1074 1345 sequiorum
1102 1299 1320 1347 temporum
1353 1298 1542 1338 dialectos
1579 1304 1806 1340 recensetur
1842 1301 1986 1340 Graeca
2025 1302 2226 1341 Calabriae
2253 1301 2373 1340 diale-

385 1365 486 1413 ctus,
517 1371 631 1411 quam
659 1370 730 1401 nos
758 1361 992 1400 arbitramur
1020 1370 1138 1411 posse
1166 1372 1214 1400 ex
1241 1362 1314 1401 bac
1341 1363 1653 1402 membranarum
1681 1364 1910 1403 collectione
1940 1365 2131 1414 dignosci.

491 1423 600 1464 Licet
626 1433 717 1464 vero
746 1423 928 1464 deessent
955 1423 1097 1477 omnia,
1128 1423 1269 1472 quibus
1298 1433 1368 1463 nos
1388 1424 1488 1462 bunc
1517 1423 1713 1474 Syllabum
1734 1435 1807 1464 non
1828 1426 1982 1464 sinistre
2002 1430 2203 1475 exceptum
2222 1427 2269 1466 iri
2290 1437 2377 1466 con-

384 1486 555 1537 fidimus,
576 1494 689 1526 acmo
708 1487 834 1525 tamen
863 1484 1010 1524 inficias
1030 1485 1088 1524 ire
1107 1488 1255 1535 posset,
1270 1483 1375 1534 ‘quin
1399 1484 1482 1534 ipse
1502 1485 1655 1524 demum
1684 1485 1885 1525 habendus
1905 1486 1955 1525 sit
1975 1490 2153 1535 tanquam
2174 1489 2373 1537 egregium

385 1551 688 1599 monumentum,
717 1556 795 1598 quo
823 1556 1051 1597 graecarum
1080 1547 1295 1586 litterarum
1316 1548 1442 1587 studia
1464 1548 1694 1597 pracsertim
1715 1547 1752 1586 in
1772 1548 1845 1587 bac
1864 1552 2034 1587 extrema
2056 1548 2187 1588 ltaliae
2211 1549 2372 1598 regione

386 1611 496 1652 netas
523 1620 613 1651 csse
640 1610 839 1650 intermitti
868 1610 1171 1650 meminerimus.
1203 1609 1297 1649 Nam
1325 1620 1396 1661 per
1416 1621 1461 1650 ea
1481 1614 1671 1661 tempora,
1700 1622 1800 1661 quae
1825 1611 2077 1651 barbararum
2106 1613 2302 1652 nationum
2326 1613 2375 1651 ir-

386 1673 588 1725 ruptiones
607 1672 938 1723 migrationesqne
957 1673 1166 1711 subsecuta
1186 1676 1289 1722 sunt,
1311 1672 1435 1711 iacula
1456 1674 1644 1721 quaedam
1667 1674 1911 1723 Graecitatis,
1934 1677 2110 1723 utsupra
2132 1674 2275 1713 dictum
2295 1677 2371 1724 est,

386 1739 506 1783 utque
533 1734 658 1774 series
677 1733 774 1772 baec
803 1733 886 1783 ipsa
915 1743 1143 1782 graecarum
1172 1735 1481 1772 membranarum
1511 1738 1689 1784 testatur,
1720 1735 1822 1784 apud
1844 1744 1913 1774 nos
1933 1735 2099 1774 extincta
2127 1735 2281 1774 omuino
2302 1745 2376 1774 non

384 1795 472 1847 fuit,
503 1796 618 1835 immo
638 1795 808 1835 citeriori
836 1805 931 1836 acro
959 1796 1172 1846 proiectum
1194 1797 1283 1835 bine
1302 1796 1386 1846 tuit,
1409 1801 1450 1835 ut
1469 1798 1613 1847 passim
1637 1798 1717 1836 ltali
1739 1799 1786 1836 ad
1807 1798 2031 1837 memoriam
2050 1801 2090 1836 et
2105 1798 2380 1847 cogitationem

387 1859 531 1902 veleris
560 1858 813 1910 graecanicae
842 1858 1072 1898 urbanitatis
1101 1863 1140 1898 et
1167 1860 1316 1909 gloriae
1344 1864 1632 1899 revocarentur.
1655 1860 1760 1905 Quae
1789 1870 1882 1899 sane
1904 1870 1967 1899 res
1986 1860 2155 1899 excitare
2174 1871 2245 1901 nos
2263 1862 2378 1900 velie-

386 1924 552 1971 menter,
573 1923 613 1960 et
640 1919 776 1959 maiori
806 1919 971 1968 quadam
1000 1919 1212 1969 cupiditate
1240 1920 1478 1959 inflammare
1506 1920 1636 1970 debet,
1660 1931 1707 1960 ne
1725 1921 2048 1970 quemadmodum
2077 1921 2289 1960 maioribus
2315 1930 2383 1961 no·

389 1986 482 2025 stris
501 1984 675 2034 pulcrum
696 1983 766 2023 iuit
785 1983 859 2022 boe
878 1983 998 2023 decus
1019 1993 1210 2032 quaerere
1229 1994 1275 2023 ac
1294 1984 1408 2034 tueri,
1431 1984 1488 2023 sic
1508 1984 1619 2023 nobis
1639 1985 1904 2034 turpissimum
1924 1984 1975 2023 sit
1994 1984 2194 2034 aspernari
2215 1987 2253 2022 et
2272 1983 2380 2022 amit-

388 2051 488 2087 lere.
511 2046 566 2085 Ad
587 2045 958 2085 commendationem
979 2045 1078 2083 enim
1099 2045 1354 2096 posteritatis,
1385 2046 1490 2085 etad
1518 2046 1856 2095 amplificationem
1885 2056 2014 2085 rerum
2043 2046 2257 2085 italicarum
2286 2045 2382 2084 nibil

389 2110 520 2158 potest
539 2106 766 2156 excogitari,
796 2109 862 2145 ant
889 2106 1017 2144 animo
1047 2106 1135 2155 tingi
1165 2106 1495 2147 accommodatius
1523 2117 1617 2156 prae
1645 2107 1787 2147 litteris
1815 2111 1931 2156 atque
1959 2106 2175 2156 disciplinis
2208 2110 2380 2147 veterum

392 2173 641 2219 Graecorum,
671 2179 785 2219 quae,
818 2172 858 2207 nt
888 2168 1127 2208 Boucberoni
1148 2168 1206 2219 (o)
1225 2169 1353 2209 verbis
1382 2172 1546 2220 utamur,
1577 2169 1626 2208 ab
1655 2169 1794 2209 illustri
1824 2169 1967 2219 populo
1996 2169 2192 2219 profectae
2212 2178 2285 2208 non
2320 2178 2381 2208 so·

389 2234 468 2273 lum
488 2236 636 2272 mentes
664 2232 713 2271 ad
741 2231 987 2281 elegantiam,
1019 2234 1058 2270 et
1084 2235 1324 2272 venustatem
1351 2231 1572 2283 informant,
1603 2232 1673 2272 scd
1702 2232 1839 2272 animis
1867 2231 1984 2272 etiam
2012 2235 2100 2272 sunt
2132 2231 2380 2271 incitamento

392 2295 439 2333 ad
468 2294 670 2345 praeclara
698 2302 962 2342 quaecumque
991 2291 1252 2344 suscipienda.

475 2629 522 2670 (l)
547 2628 637 2660 Tltec.
664 2628 785 2660 Cottion.
810 2636 884 2669 cap.
912 2628 944 2667 V,
964 2629 1055 2668 part.
1082 2629 1111 2665 V,
1136 2627 1151 2668 §
1178 2628 1224 2660 t'l.

475 2682 522 2722 (2)
547 2682 664 2714 Cottum.
688 2682 723 2712 in
747 2681 882 2713 tabutas
903 2681 1125 2713 lleracteenses
1146 2690 1180 2722 p.
1208 2680 1265 2712 119
1288 2684 1317 2712 et
1341 2681 1411 2713 120.

476 2735 523 2775 (3)
546 2735 589 2767 De
611 2734 801 2774 antiquitate
817 2737 846 2765 et
859 2734 955 2766 varia
978 2734 1219 2766 Tarentinorum
1242 2732 1384 2773 fortuna,
1399 2734 1431 2765 ia
1450 2733 1575 2765 Detecto
1590 2733 1782 2774 scriptoram
1798 2732 1910 2765 iterum
1926 2731 2207 2772 Neapotitmtarum
2223 2738 2301 2771 pay.
2322 2730 2382 2761 371

393 2790 437 2820 ml
459 2788 532 2880 ,(842)
547 2840 614 2872 Lib.
638 2841 678 2872 de
699 2840 904 2872 uettmtstica
924 2847 1003 2880 paq.
1026 2839 1100 2871 213.

479 2890 527 2930 (ὅ)
549 2890 689 2931 Praestat.
713 2891 758 2922 ad
782 2891 978 2923 Glossarium
1002 2891 1190 2922 Graecitatis
1211 2899 1245 2931 p.
1274 2891 1337 2922 t'.11

478 2941 526 2981 (c)
550 2943 657 2974 olatio
678 2943 719 2975 de
740 2943 865 2982 Litteris
889 2943 1017 2975 Graecia
1038 2950 1125 2975 anno
1147 2942 1421 2976 Mocccxutn
1442 2942 1552 2976 habita
1573 2942 1607 2975 in
1630 2942 1795 2975 Λααὶιονίο
1825 2942 1967 2974 Maximo
1997 2942 2086 2982 Ilwii
2117 2940 2321 2973 icturinonsis
2345 2941 2382 2971 Λ-

397 2996 536 3028 thennei.
