2652 3762
425 341 473 371 XX

376 420 463 456 runt
482 415 531 456 de'
549 414 632 455 Meo
650 413 707 466 (l)
725 418 765 454 et
785 413 934 455 Morsus
953 414 1010 466 (2)
1029 413 1065 453 in
1086 413 1300 454 referendis
1327 415 1375 453 ad
1404 415 1652 454 christianam
1680 426 1810 456 aeram
1829 414 1939 455 annis
1965 414 2196 457 Graecorum
2225 418 2348 468 diplo-

373 485 543 530 matum,
574 479 622 518 ‹le
650 479 790 528 quibus
818 483 1034 518 sermonem
1062 477 1323 516 instituerunt.
1355 476 1434 516 Nos
1461 477 1591 526 itaque
1618 479 1750 518 talium
1779 472 1946 520 virorum
1982 479 2248 519 auctoritatem
2283 482 2347 520 hu-

371 545 503 584 buisse
531 543 722 592 potiorem
742 552 861 593 ‘nemo
889 542 974 580 iure
1002 543 1202 589 coarguet.

473 605 544 646 Ubi
574 606 874 656 praetermissus
902 616 924 643 a
953 604 1111 644 Notario
1138 604 1209 644 i'uit
1228 615 1365 654 annus,
1385 604 1443 643 vel
1473 603 1645 653 indictio,
1666 605 1787 644 autin
1807 606 1942 645 borum
1972 606 2158 645 alterutro
2177 609 2348 644 erratum

367 679 458 709 csse
486 669 598 709 nobis
626 668 811 717 constitit,
842 667 1144 717 emendavimus,
1174 671 1240 706 aut
1266 667 1479 706 adiecimus
1504 675 1659 714 annum,
1689 667 1747 705 vel
1776 667 2042 718 indictionem3
2065 671 2104 707 et
2127 667 2346 706 huiusmodi

366 735 478 770 notas
508 731 616 769 uncis
644 728 884 778 inclusimus,
915 731 957 767 ut
984 729 1228 778 adiectionis,
1249 731 1316 766 aut
1333 726 1612 767 emendationis
1640 736 1662 763 a
1682 726 1793 764 nobis
1820 728 2020 776 appositae
2039 728 2163 766 lector
2182 736 2349 766 commo-

366 794 540 833 nelieret.
572 792 666 831 Heic
694 801 784 831 vcro
813 792 946 842 paucis
976 792 1147 831 rationes
1175 791 1416 840 exponimus,
1437 789 1577 838 quibus
1595 788 1699 827 ducti
1719 797 1794 827 non
1813 788 1889 827 alia
1911 790 1992 829 sive
2019 790 2243 839 indictione,
2264 788 2347 828 sive

367 865 467 894 anno
496 854 695 893 erroribus
723 857 789 893 aut
815 854 1090 894 omissionibus
1118 853 1268 893 obviam
1296 852 1492 892 iverimus.

468 914 707 954 Membrana
735 914 766 953 1.
785 914 973 954 -Huius
1001 925 1140 952 annum
1163 916 1204 952 ut
1222 913 1496 961 inveniremus,
1525 911 1648 950 lacem
1676 909 1859 960 praetulit
1885 911 2027 950 mentio
2054 915 2133 950 tum
2162 911 2341 961 Gregorii

364 975 582 1015 Primicerii
611 980 657 1015 ct.
678 976 799 1015 Baiuli
831 975 1059 1024 lmperialis‚
1090 975 1155 1023 qui
1184 974 1430 1013 membranae
1459 973 1582 1021 ipsius
1610 976 1746 1011 auctor
1774 971 1871 1020 luit,
1902 974 1980 1009 tum
2009 972 2230 1012 indictionis
2266 977 2344 1012 ter-

364 1037 454 1076 tiae.
486 1038 658 1082 Quonam
685 1047 785 1077 atino
814 1036 1025 1085 Gregorius
1054 1036 1091 1074 in
1121 1039 1274 1074 nostras
1302 1034 1483 1083 regiones
1509 1043 1555 1072 cx
1583 1033 1680 1071 Aula
1709 1032 1912 1081 Byzantina
1941 1031 2153 1081 advenerit,
2174 1032 2344 1071 Chrono-

364 1099 502 1148 graphi
523 1099 625 1138 haud
644 1098 914 1138 meminerunt.
938 1097 1068 1146 Lupus
1088 1096 1344 1144 Protospatha
1363 1096 1400 1133 in
1422 1104 1493 1133 suo
1513 1094 1702 1133 Chronico
1722 1094 1770 1132 ad
1790 1103 1929 1131 annum
1945 1092 2020 1130 8Ἶ6
2040 1102 2126 1131 eum
2146 1091 2343 1141 llydrunto

362 1160 526 1207 potitum
553 1170 641 1198 esse
669 1162 846 1198 testatur.
880 1151 961 1196 lam'
984 1167 1076 1197 vero
1104 1158 1136 1196 si
1165 1161 1253 1195 ante
1282 1166 1423 1195 annum
1451 1155 1525 1193 876
1554 1155 1713 1194 indictio
1743 1154 1790 1192 lll
1819 1153 2022 1203 supputari
2055 1153 2176 1202 velit,
2210 1152 2345 1191 incidit

361 1222 399 1259 in
429 1232 567 1260 annum
596 1222 685 1261 8Ἡ.
717 1223 765 1261 At
791 1222 996 1270 quominus
1024 1223 1126 1261 hunc
1154 1232 1294 1260 anitum
1323 1221 1584 1260 tribueremus
1612 1221 1874 1268 membranae,
1904 1219 1999 1257 illud
2028 1218 2238 1267 praecipue
2256 1227 2344 1256 sua·

361 1285 426 1333 sit,
456 1285 559 1333 quod
588 1296 632 1323 ca
661 1289 891 1334 tempestate
919 1285 956 1323 in
984 1285 1124 1334 Apulia
1144 1289 1183 1324 ct
1202 1284 1380 1323 Calabria
1401 1283 1696 1321 dominabantur
1719 1293 1793 1321 non
1815 1281 1966 1330 Graeci,
1986 1281 2057 1329 sed
2078 1280 2339 1328 Longobardi‚

359 1348 475 1394 prout
503 1349 653 1385 constat
680 1357 726 1385 ex
753 1346 917 1395 litteris,
948 1356 1045 1394 quas
1072 1355 1173 1385 anno
1203 1345 1273 1383 871
1306 1345 1521 1393 Imperator
1549 1342 1766 1381 Ludovicus
1795 1342 1937 1381 Basilio
1966 1342 2201 1380 Graecorum
2223 1341 2342 1389 impe·

358 1406 478 1446 ratori
507 1417 576 1456 per
605 1408 866 1457 Autprandum
894 1408 1122 1447 familiarem
1151 1417 1264 1446 suum
1293 1407 1430 1455 misit,
1459 1415 1634 1454 quasque
1662 1405 1881 1453 Anonymus
1910 1403 2175 1441 Salernitanus
2203 1402 2240 1440 in
2268 1411 2340 1441 suo

359 1469 548 1510 Chronico
577 1469 633 1520 (3)
661 1470 811 1510 recitat.
842 1470 1070 1515 Quaerenda
1098 1470 1217 1519 igitur
1245 1469 1404 1508 indictio
1433 1468 1481 1506 ΙΙΙ
1510 1467 1582 1506 luit
1610 1470 1700 1516 post
1726 1476 1866 1504 annum
1895 1465 1986 1503 811.

462 1532 690 1581 Gregorium
728 1532 883 1581 quidem
920 1532 1090 1581 Strategi
1127 1541 1287 1571 munere
1320 1531 1492 1569 iunctum
1522 1539 1611 1568 esse
1640 1538 1763 1576 usque
1792 1528 1840 1566 ad
1870 1536 2009 1565 annum
2037 1525 2113 1564 880
2145 1521 2269 1574 liquet
2294 1534 2340 1563 ex

359 1591 690 1641 Chronographis‚
721 1593 862 1640 quibus
890 1593 1042 1632 accedit
1068 1593 1249 1641 epistola,
1279 1601 1355 1640 qua
1383 1590 1557 1629 Pontifex
1586 1589 1748 1628 loannes
1767 1588 1844 1626 Vlll
1867 1588 2003 1626 codem
2031 1596 2130 1626 anno
2151 1586 2340 1625 Graecum

355 1651 457 1690 hunc
488 1651 630 1690 Ducem
658 1653 708 1691 ad
736 1653 1049 1692 exterminandos
1077 1652 1296 1691 Saracenos
1324 1652 1570 1691 vehementer
1597 1649 1669 1688 fuit
1696 1651 1934 1688 cohortatus.
1976 1648 2068 1686 Post
2095 1656 2234 1696 annum
2262 1645 2339 1684 880

357 1714 545 1752 clu-onica
570 1715 618 1753 de
637 1719 771 1754 nostro
800 1717 989 1764 Gregorio
1016 1715 1295 1754 conticescunt.
1326 1714 1627 1761 Erchempcrtus
1654 1712 1704 1750 ad
1722 1721 1862 1750 annum
1890 1709 1965 1748 883
1995 1709 2211 1747 Chasanum
2232 1708 2338 1750 Straf

354 1783 485 1827 tegum
513 1782 821 1828 commemorat,
851 1783 891 1818 et
915 1780 964 1818 ad
993 1789 1133 1817 annum
1162 1779 1428 1825 insequentem
1456 1775 1575 1814 tradit
1601 1785 1689 1813 eum
1717 1778 1805 1822 post
1832 1774 1952 1811 multa
1979 1772 2151 1811 facinora
2179 1774 2336 1809 strenue

355 1842 464 1886 gesta
491 1839 676 1878 adversus
696 1840 856 1878 Aionem
878 1839 1094 1887 Principem
1113 1838 1420 1876 Beneventanum
1440 1835 1585 1874 abiisse
1605 1832 1989 1881 Constantinopolim,
2010 1835 2125 1879 atquc
2145 1834 2233 1879 post
2252 1829 2337 1868 eius

354 1902 570 1941 discessum
599 1903 647 1941 ab
675 1901 877 1950 Augustali
907 1900 1105 1950 Stratego,
1136 1900 1247 1939 cuius
1275 1908 1414 1938 nomen
1442 1895 1860 1946 reticet,·mand'atum
1887 1893 2007 1933 foisse
2038 1892 2166 1931 loanni
2196 1891 2333 1929 Gandi-

353 1964 459 2012 dato,
489 1964 604 2012 vulgo
634 1963 827 2003 loannicio
847 1963 1058 2012 appellato,
1079 1966 1125 2000 ut·
1140 1971 1253 2011 opem
1280 1961 1401 1999 ferret
1428 1958 1639 1998 Athanasio
1659 1957 1933 2006 Neapolitanae
1954 1955 2202 2004 Reipublicae
2224 1953 2334 1992 Duci.

354 2026 520 2075 Cangius
549 2027 605 2076 (4)
634 2026 734 2065 inter
760 2027 923 2076 Apuliae
951 2026 1171 2074 Strategos,
1201 2033 1300 2073 quos
1328 2022 1611 2062 enumerandos
1638 2021 1774 2059 ordine
1801 2023 2016 2068 temporum
2045 2016 2244 2065 suscepit,
2275 2025 2334 2054 re-

352 2090 484 2126 censet
511 2086 744 2126 loannicium
767 2114 779 2136 ,
809 2087 1022 2135 vademque
1049 2086 1116 2124 dat
1144 2085 1475 2132 Erchempertum.
1517 2082 1593 2121 Sed
1622 2082 1685 2119 hic
1722 2079 2047 2127 chronographus
2083 2077 2235 2116 locutus
2263 2074 2335 2113 suit

352 2148 400 2188 de
419 2148 612 2187 loannicio
640 2159 715 2188 non
736 2152 778 2187 ut
795 2148 957 2198 Apuliae
978 2148 1173 2197 Stratego,
1195 2147 1265 2186 sed
1284 2149 1326 2184 ut
1344 2146 1505 2185 ductore
1524 2144 1701 2192 militum,
1724 2143 1789 2191 qui
1810 2141 2007 2190 Neapolim
2027 2151 2049 2179 a
2070 2140 2249 2189 Stratcgo
2269 2148 2334 2178 no-

351 2208 412 2248 bis
439 2209 572 2258 ignoto
600 2209 863 2248 mittebantur.
885 2208 1104 2248 Alexander
1122 2208 1171 2247 de
1190 2206 1275 2247 Meo
1295 2207 1353 2247 vel
1373 2206 1457 2255 ipsc
1476 2204 1532 2255 (5)
1550 2206 1624 2244 hac
1643 2204 1798 2244 notione
1817 2202 2092 2251 interpretatus
2119 2199 2190 2238 fuit
2217 2199 2332 2239 verba

351 2269 633 2318 lirchemperti.

451 2331 544 2371 Post
571 2342 711 2371 annum
739 2332 815 2371 884
843 2331 1186 2380 ῃιιΙΙίιιεΒῑι-,ειῑεςί
1215 2328 1385 2370 occurrit
1412 2327 1555 2367 mentio
1585 2336 1707 2375 usque
1735 2325 1782 2364 ad
1812 2334 1950 2364 annum
1979 2323 2072 2371 881,
2102 2331 2179 2371 quo
2207 2321 2329 2371 Theo-

350 2392 550 2442 phylactus
570 2403 616 2433 eo
636 2393 790 2433 nomine
808 2393 985 2443 Apuliam
1005 2393 1120 2442 venit,
1142 2391 1436 2440 cognominatus
1460 2388 1668 2438 Trapezcs,
1686 2388 1827 2436 quippe
1847 2385 1912 2433 qui
1932 2383 2113 2423 'l'riclinio
2135 2381 2327 2431 imperiali

430 2544 477 2583 (l)
499 2544 663 2584 Apparalo
691 2542 910 2583 cronoloyico,
936 2541 1072 2571 artieoto
1094 2542 1191 2575 terzo,
1214 2547 1292 2578 pay.
1316 2537 1383 2568 20.-
1416 2538 1527 2576 Qucslo
1551 2534 1568 2566 ὁ
1589 2538 1671 2566 stolo
1693 2541 1817 2573 setnpre
1840 2532 1864 2562 il
1884 2532 2013 2563 sistema
2035 2529 2083 2560 dc’
2102 2529 2192 2559 Greci
2215 2537 2230 2556 a
2255 2535 2326 2566 ,μω-

346 2603 392 2630 slo
413 2601 480 2631 solo
503 2600 531 2631 sl
552 2599 678 2638 pratici)
701 2600 947 2630 caelatilcmcnle
964 2597 998 2626 in
1014 2595 1140 2634 Napoli,
1167 2595 1288 2631 Gaeta,
1311 2591 1445 2631 ΑιηαιΙι,
1470 2590 1585 2631 1ἰι9ιία
1607 2598 1623 2620 e
1648 2587 1812 2624 Calabria,
1834 2586 1876 2620 ‚ed
1898 2585 1975 2617 altri
2001 2580 2111 2623 letoylni
2137 2583 2271 2622 seweni
2294 2582 2328 2611 m·

351 2650 440 2681 Greci
458 2673 465 2681 .
482 2673 511 2682 ..
537 2651 618 2681 aude
641 2649 828 2680 trocnmlosi
842 2649 876 2678 in
893 2647 996 2686 questi
1016 2645 1128 2685 luoyltl
1149 2644 1283 2684 qualche
1305 2643 1457 2683 pubblica
1479 2643 1570 2673 carta
1592 2642 1704 2670 notula
1721 2638 1755 2668 cll
1770 2637 1852 2667 nllrn
1875 2636 2016 2670 cislcma,
2033 2634 2091 2664 dee
2105 2631 2324 2663 comlannarci

347 2701 380 2730 cli
401 2702 525 2741 spuria,
550 2711 568 2733 ο
591 2702 797 2741 imm-palaea.
822 2693 849 2731 Ε
871 2697 1061 2730 incredibile
1082 2697 1116 2727 la
1138 2684 1337 2734 confusione,
1360 2693 1417 2725 clue
1431 2692 1460 2725 ai
1474 2690 1491 2722 ὁ
1503 2693 1637 2732 pot-lala
1660 2689 1745 2720 nella
1768 2685 1886 2723 Slort'a,
1911 2694 1926 2716 c
1950 2683 2036 2716 nella
2062 2682 2253 2721 Gronotoyia
2268 2690 2328 2720 prr

348 2760 409 2782 non
435 2755 547 2785 asseret·
570 2754 720 2794 riflcuulo
742 2760 763 2782 a
786 2752 894 2790 questo
915 2749 1057 2780 siscema.

428 2806 474 2846 (2)
499 2806 696 2837 Descro'zt'one
719 2804 753 2834 di
775 2803 922 2834 Patermo
944 2801 1064 2836 aulico,
1086 2807 1165 2838 1²⁰9·
1193 2797 1262 2829 136.

428 2858 475 2897 (3)
498 2857 587 2897 Apud
610 2856 787 2891 Prolillum,
811 2857 884 2884 loon.
908 2852 960 2889 IV,
982 2860 1061 2890 puy.
1090 2850 1159 2880 189.

427 2910 474 2949 (t)
499 2910 596 2940 Gloss.
620 2907 752 2946 Iufimac
774 2904 966 2937 Latinitatis.
996 2903 1024 2933 V.
1052 2900 1226 2941 Catapani.

427 2963 474 3002 (3)
499 2962 613 2994 „ltmull
636 2958 851 3000 Dt'plomolico',
875 2965 960 2988 αηιιο
982 2956 1054 2987 884.
