2560 3646
1125 329 1324 365 -614-

218 404 364 438 Proximus
385 402 525 445 Opazenus
546 399 734 433 Constantinus
756 401 777 433 1.
801 398 853 431 29.

216 455 383 499 Προνχίζείιν
402 462 450 495 pro
471 450 615 494 Ιινριιύχιιν,
636 453 712 484 ’111-

216 507 358 548 Προῦχος,
382 504 461 536 Prior
481 504 647 543 monasterii,
670 503 722 535 46.

218 557 338 589 Pruutus
359 556 497 590 Guarinus
518 555 591 588 filius
612 555 709 588 Leonis
729 558 751 588 1.
777 554 848 588 132.

217 605 417 645 Ψιῡδοβαθιῖα
438 607 510 639 555.
686 614 689 617 ’

217 654 386 699 Ψευδορῦοιξ,
409 662 527 697 torrens,
551 657 625 698 554,
648 658 721 691 555.

218 707 332 749 Psyebrl
352 709 482 743 Nioolaus
503 711 626 743 notarius
646 710 720 742 322.

219 758 334 793 Psomas
356 759 546 795 Constantinus
567 766 589 794 t.
613 762 666 800 37,
688 762 772 803 pistor
792 762 844 794 41.

219 812 324 856 Puglisi
343 814 446 847 Nicolai
466 815 606 857 praedium
627 815 655 846 in
675 823 741 857 agro
763 813 866 847 Cataeii
886 813 959 847 476.

216 865 335 907 Pugnae
356 866 450 899 electio
472 866 507 898 ob
528 875 678 899 causarum
697 866 874 900 definitionem
895 866 926 899 3.

216 915 309 948 Pulari
329 915 464 948 Arcadius
484 918 506 948 t.
533 915 603 949 166.

214 985 257 990 -
278 966 446 1008 (Caluenuris
466 967 510 1008 de)
531 970 554 999 t.
580 967 652 1007 165,
677 967 748 1001 167.

213 1036 256 1042 -
273 1017 390 1050 Ioannes
411 1018 566 1051 Vieeeomes
587 1019 639 1051 95.
651 1019 788 1051 —Filius
807 1018 953 1060 Nicephori
971 1021 1001 1051 et
1020 1018 1148 1051 Nicolaus
1168 1021 1199 1050 tt.

217 1132 258 1146 a
278 1119 334 1151 Leo
355 1129 416 1151 eum
435 1127 525 1151 uxore
545 1122 574 1150 et
593 1119 648 1151 tilio
668 1118 757 1150 vendit
776 1118 869 1150 vineas
889 1119 1050 1151 monasterio
1071 1119 1202 1151 Eremita-

254 1175 317 1200 rum
341 1169 411 1200 166.
737 1175 742 1177 “

213 1217 321 1250 Puleari
341 1217 437 1250 Leonis
457 1218 599 1260 praedium
620 1218 648 1249 in
669 1225 737 1259 agro
757 1216 884 1257 Scyllaeii
903 1216 976 1250 346.

212 1268 326 1301 Pulemo
347 1268 495 1310 (Robertus
516 1269 561 1309 de)
581 1272 603 1300 t.
627 1267 700 1300 305.

212 1320 337 1362 Pulpingi
357 1320 474 1353 filiorum
494 1321 634 1363 praedium
655 1320 683 1352 in
704 1328 771 1361 agro
792 1317 914 1351 Cirelarii
937 1319 1017 1351 276.-

214 1373 365 1405 Pumarisis
384 1373 440 1405 Leo
460 1383 486 1405 v.
513 1373 565 1405 77.

212 1423 405 1465 Pungadorum
424 1423 562 1465 praedium
584 1423 612 1454 in
633 1430 699 1463 agro
720 1421 800 1452 Mileti
823 1421 897 1452 277.

212 1473 362 1514 Pungadus
382 1472 536 1514 Stephanus
557 1472 702 1512 strategus
715 1471 794 1503 Mileti
808 1471 880 1502 263.
893 1489 935 1494 -
948 1470 1046 1502 Petrus
1056 1470 1198 1512 strategus

254 1523 337 1555 Mileti
359 1527 386 1554 et
405 1523 563 1560 Francicao,
587 1522 654 1554 ibid.
679 1521 751 1552 264.

214 1574 310 1616 Pungo
331 1574 542 1615 (Constantinus.
567 1574 694 1612 Ioannes,
717 1573 842 1609 Michael.
865 1573 1013 1614 Gregorius
1023 1573 1066 1615 de)
1077 1577 1109 1606 tt.
1125 1574 1197 1606 438.

253 1627 342 1659 ludex
363 1626 471 1658 Briatiei
492 1624 683 1657 Constantinus
711 1624 869 1663 443-450,
903 1624 964 1656 460
978 1649 986 1663 ,
1009 1625 1066 1656 461
1083 1650 1091 1663 ,
1115 1625 1175 1657 462
1190 1651 1197 1664 ,

252 1678 327 1711 482.
340 1687 381 1702 -·-
392 1677 506 1709 michael
527 1677 610 1709 iudex
631 1676 740 1708 Briatiei
763 1675 836 1713 531,
852 1675 924 1708 532.
937 1694 978 1701 -
989 1677 1138 1718 Gregorius
1151 1686 1199 1709 no-

252 1728 338 1760 tarius
362 1727 470 1759 Briatiei
490 1726 563 1765 531,
587 1725 659 1757 532.
672 1726 853 1757 —Nicolaus
873 1725 1015 1768 presbyter
1036 1730 1058 1759 t.
1083 1726 1154 1758 532.

211 1777 366 1818 Pupulinus
387 1776 476 1816 Drogo
497 1775 571 1807 269.

210 1829 338 1869 Purpura
358 1828 487 1867 (loannes
506 1827 551 1867 de)
573 1831 595 1858 t.
619 1826 695 1859 256.

212 1880 355 1921 Purpurae
376 1880 452 1911 vinea
473 1878 557 1910 307.-

213 1932 329 1963 Putente
351 1932 408 1962 sons
431 1932 458 1963 in
479 1939 545 1972 agro
568 1930 658 1962 Ursuli
682 1930 753 1962 109.

214 1980 321 2012 Puteus
342 1980 372 2011 S.
398 1980 506 2012 loannis
527 1989 607 2022 prope
631 1979 780 2011 Tarentum
802 1979 854 2011 43.

213 2049 256 2055 -
277 2031 439 2064 Abbatissae
460 2039 542 2072 prope
564 2030 711 2062 Tarentum
731 2030 784 2062 49.

215 2082 341 2114 Putzirra
362 2092 390 2114 n.
414 2078 434 2114 l.
457 2091 538 2123 prope
559 2082 659 2113 flumen
680 2081 854 2114 Sarmentum
877 2082 947 2114 115.

220 2132 323 2164 Putzus
342 2141 371 2162 n.
396 2132 415 2162 l.
438 2132 465 2163 in
487 2131 613 2162 Calabria
634 2131 708 2162 554.

219 2182 342 2223 Pyrgelle
363 2190 392 2213 ιι.
416 2182 436 2213 l.
461 2182 488 2212 in
508 2189 575 2223 agro
596 2180 698 2212 Catacii
719 2180 792 2212 364.

218 2234 281 2273 1))τί
302 2233 453 2275 praedium,
474 2233 527 2266 τῆς
549 2231 688 2270 masis,
710 2233 739 2264 in
759 2231 885 2265 Calabria
906 2233 979 2265 298.

219 2284 352 2324 Pyriebus
372 2283 531 2316 Theodorus
552 2283 636 2315 lector
656 2282 785 2315 ecelesiae
805 2283 949 2315 Locrensis
971 2283 1023 2317 92.

221 2334 309 2373 Pyrizi
329 2343 356 2364 ιι.
382 2334 402 2364 l.
426 2342 508 2375 prope
529 2333 692 2365 Panormum
715 2333 786 2364 156.

225 2383 391 2423 Pyrrhogeni
411 2383 550 2424 praedium
570 2385 597 2414 in
618 2391 684 2424 agro
704 2382 861 2415 Seminarae
881 2383 953 2416 392.

225 2431 413 2472 Πυροστάτη,
436 2432 500 2470 olla,
524 2433 596 2464 487.

691 2518 733 2575 Q

220 2600 403 2642 Quadraginta
423 2601 586 2633 Sanctorum
608 2602 733 2634 ecclesia.
761 2602 793 2635 V.
818 2602 946 2634 Ecclesia.

220 2650 322 2685 Quarta
343 2651 427 2682 librae
448 2656 603 2682 tarenorum
626 2651 697 2683 376.

222 2700 337 2735 Quintini
359 2701 506 2741 (Robertus
526 2702 571 2741 S.)
593 2708 614 2736 t.
640 2704 711 2735 162.

639 2791 806 2835 Rea-P

225 2882 323 2913 Rabda
343 2881 471 2913 Nicolaus
491 2893 629 2924 possessor
650 2887 751 2927 praedii
773 2887 798 2918 in
818 2895 885 2927 agro
906 2887 1030 2922 Crotonis
1049 2887 1121 2923 207.

226 2931 337 2963 Rabdus
359 2930 472 2963 clericus
493 2937 520 2963 et
541 2935 660 2966 notarius
683 2936 766 2968 Neriti
791 2936 861 2968 513.

1245 401 1357 435 nabiani
1377 403 1452 435 collis
1474 403 1501 435 in
1522 411 1588 446 agro
1610 403 1725 436 Troiano
1748 402 1800 436 19.

1245 456 1361 488 Rabioso
1382 456 1522 497 (Nicotaus
1544 455 1588 497 de)
1610 459 1630 487 1.
1654 454 1728 488 291.

1248 506 1335 538 llabta
1357 506 1470 538 loannes
1491 507 1563 539 415.
1587 506 1621 538 V.
1643 507 1737 548 Virga.

1247 558 1326 590 Rabti
1348 560 1487 601 praedium
1508 560 1534 591 in
1556 559 1683 593 Calabria
1705 559 1777 592 373.

1247 609 1365 641 llacbala
1388 610 1507 642 Exames
1522 619 1618 644 nomen
1639 611 1739 653 praedii
1753 611 1779 643 in
1793 619 1859 653 agro
1879 608 1952 644 Boioi
1966 616 2047 655 prope
2061 609 2228 643 panormum

1287 661 1357 693 156.

1246 711 1383 752 Ραχῶνας
1405 714 1478 752 369,
1501 717 1528 745 et
1548 712 1666 754 ραχῶνη
1690 714 1761 746 114.

1246 764 1373 797 Raehonii
1395 767 1509 797 filiorum
1531 765 1670 807 praedium
1691 766 1717 796 in
1739 773 1805 806 agro
1826 764 1927 804 Cataeii
1948 765 2020 798 435.

1245 815 1327 847 nacta
1349 816 1464 848 Ioannes
1485 824 1625 857 possessor
1645 816 1746 857 praedii
1767 816 1794 847 in
1815 823 1882 857 agro
1902 815 2008 849 Brintiei
2030 816 2103 850 437.

1246 866 1377 899 lladull'us
1399 867 1527 907 Magister
1552 866 1732 897 Eremitarum
1755 865 1787 897 S.
1811 865 1939 908 Stephani
1960 867 1993 898 de
2014 867 2130 899 Nemore
2153 866 2225 900 146.

1244 916 1468 957 Rogembrandus
1488 915 1583 948 Abbas
1604 915 1766 960 casinensis.
1791 916 1823 948 V.
1848 916 2039 949 Monasterium
2061 916 2215 950 casinense.

1246 967 1360 999 Raibtus
1380 967 1512 1008 Roget-ius
1534 972 1555 1000 t.
1578 967 1649 1000 334.

1244 1018 1369 1050 Rametta
1390 1019 1501 1060 eiusque
1523 1018 1592 1049 filiae
1606 1018 1706 1050 donant
1719 1019 1829 1060 praedia
1845 1023 1873 1051 et
1886 1019 1996 1051 domum
2018 1020 2179 1051 monasterio
2192 1019 2223 1052 S.

1284 1068 1371 1100 Mauri
1393 1068 1466 1106 523,
1492 1069 1563 1108 524,
1587 1069 1660 1102 525.
2057 1066 2060 1069 ’

1245 1117 1383 1149 llanaldus
1405 1117 1564 1159 Capelianus
1584 1119 1676 1159 regius
1695 1119 1769 1151 304.

1243 1187 1285 1192 ——
1306 1168 1466 1210 Capelianus
1479 1170 1510 1201 S.
1527 1169 1629 1202 Leontii
1650 1175 1786 1212 permutat
1806 1172 1907 1202 vineam
1922 1180 1984 1203 eum
2000 1171 2119 1213 Philippo
2133 1171 2205 1203 288.

1245 1219 1369 1251 Ranerus
1390 1219 1489 1250 Petrus
1510 1220 1598 1252 ludex
1621 1220 1730 1251 Comitis
1753 1221 1823 1252 125.
2155 1248 2157 1251 .

1245 1269 1413 1300 Rantaeiotes
1434 1269 1573 1310 praedium
1595 1269 1630 1302 in.
1643 1269 1768 1301 Calabria
1790 1270 1861 1302 342.

1245 1319 1337 1351 Rarius
1358 1319 1491 1360 Rogerius
1512 1323 1540 1351 et
1561 1319 1700 1360 Papilliuni
1723 1320 1827 1352 Niceta.
1841 1320 1886 1352 Lis
1900 1322 1968 1353 inter
1988 1329 2035 1353 eos
2056 1322 2090 1353 de
2109 1322 2227 1363 quadam

1284 1370 1360 1402 vinea
1381 1370 1526 1402 diiudicata
1540 1379 1557 1400 a
1572 1370 1702 1402 Gulielmo
1723 1370 1757 1402 de
1772 1370 1903 1404 Panormo
1923 1370 2048 1414 Stratego
2063 1371 2224 1415 Scyllaeensi

1283 1420 1356 1452 411.

1242 1470 1316 1512 Rapa
1337 1470 1453 1502 Basilius
1475 1480 1500 1502 v.
1525 1470 1597 1502 559.

1243 1521 1350 1563 Rapena
1371 1531 1396 1553 v.
1420 1521 1492 1553 560.

1243 1572 1394 1614 Rapicellus
1409 1573 1508 1605 Petrus
1519 1572 1606 1604 vendit
1618 1573 1732 1604 Arcadio
1746 1573 1841 1605 lilesito
1852 1574 1955 1605 vineam
1970 1572 1996 1605 'a
2010 1582 2076 1615 agro
2090 1573 2121 1606 S.
2139 1572 2227 1605 Leon—

1282 1623 1311 1654 tii
1332 1622 1404 1654 228.

1242 1675 1330 1716 Rapta
1350 1674 1406 1705 Leo
1427 1683 1566 1715 possessor
1588 1674 1689 1715 praedii
1711 1675 1738 1705 in
1758 1682 1824 1715 agro
1846 1673 1942 1715 Rhegii
1963 1675 2036 1707 487.

1243 1726 1321 1767 Rapti
1342 1725 1433 1757 Basilii
1456 1726 1532 1756 vinea
1552 1726 1578 1756 in
1600 1734 1666 1766 agro
1688 1725 1815 1756 Panormi
1838 1725 1911 1756 219.

1245 1777 1347 1819 Raptus
1368 1777 1483 1808 loannes
1506 1776 1578 1807 501.
1603 1777 1636 1808 V.
1661 1776 1823 1815 Presbytera
1844 1776 1969 1815 (Ioannes
1989 1775 2045 1815 de).

1243 1829 1340 1860 Rascla
1361 1828 1404 1868 (S.
1428 1828 1550 1869 Angelus
1571 1828 1617 1868 de)
1637 1828 1710 1869 apud
1732 1828 1880 1859 Tarentum
1902 1826 1953 1865 30,
1977 1826 2028 1859 36.

1244 1878 1340 1910 Rastes
1362 1877 1529 1918 Nieephorus
1551 1887 1577 1908 v.
1602 1878 1675 1909 559.

1243 1925 1392 1958 Remorum
1412 1926 1520 1967 praedia
1542 1925 1612 1958 130.

1244 1977 1370 2018 Regales.
1396 1977 1440 2008 V..
1456 1977 1606 2009 Numisma.

1244 2029 1380 2069 Relupum
1400 2037 1429 2060 n.
1453 2028 1472 2060 l.
1497 2029 1525 2059 in
1545 2036 1611 2069 agro
1633 2027 1749 2059 Troiano
1771 2027 1823 2059 21.

1244 2080 1354 2112 Rendae
1376 2079 1410 2111 V.
1432 2080 1547 2111 Arintba
1567 2079 1619 2111 94.

1245 2129 1430 2161 Restitutionis
1452 2130 1659 2161 instrumentum
1680 2129 1753 2160 464.

1245 2181 1393 2212 Retornare
1417 2181 1444 2211 1.

1247 2230 1393 2262 Retradere
1414 2239 1462 2272 pro
1485 2231 1626 2262 restituere
1647 2231 1678 2262 4.

1247 2279 1321 2318 Ρὲος,
1345 2289 1421 2318 reus,
1443 2280 1516 2317 398,
1539 2280 1613 2318 412,
1637 2279 1709 2310 413.

1246 2333 1442 2372 Ρηζσπηλῆἳὶη
1467 2332 1535 2363 161.

1240 2381 1341 2413 -Rhaus
1362 2390 1452 2413 eomes
1474 2381 1598 2413 Badulati
1620 2380 1693 2412 220.

1247 2431 1385 2464 Rhamnae
1405 2433 1546 2474 praedium
1569 2433 1594 2463 in
1617 2430 1742 2463 Calabria
1766 2431 1834 2464 120.

1247 2483 1390 2515 Rhamnus
1410 2493 1440 2514 n.
1464 2483 1484 2514 l.
1509 2483 1535 2514 in
1558 2482 1684 2513 Calabria
1707 2482 1781 2513 556.

1248 2533 1386 2573 Rheginae
1408 2533 1475 2565 Ulus
1498 2538 1687 2564 testamentum
1708 2532 1780 2563 252.

1251 2583 1389 2625 Rheginus
1412 2585 1524 2616 loannes
1546 2592 1686 2625 possessor
1706 2584 1797 2615 vineae
1818 2583 1844 2614 in
1864 2591 1931 2624 agro
1953 2583 2078 2616 Panormi
2099 2583 2173 2616 250.

1247 2652 1289 2658 —
1310 2635 1438 2666 Nicotaus
1459 2634 1580 2665 notarius
1600 2634 1670 2665 330.

1249 2704 1291 2710 ——
1312 2685 1446 2726 Rogerius
1467 2688 1488 2715 t.
1514 2684 1585 2716 353.

1250 2736 1353 2777 Rhegio
1376 2735 1466 2776 (lingo
1487 2736 1530 2774 de)
1552 2735 1625 2772 294,
1648 2744 1763 2776 magnus
1784 2735 1870 2767 ludex
1891 2735 2034 2768 Calabriae
2055 2735 2230 2774 318,1usti-

1290 2788 1384 2818 tiarius
1406 2786 1548 2818 Calabriae
1570 2787 1642 2825 319,
1666 2787 1797 2818 Alduinus
1818 2787 1876 2818 eius
1897 2786 1967 2818 filius
1988 2787 2060 2820 324.

1248 2854 1290 2860 -
1311 2837 1437 2875 (Ioannes
1458 2836 1502 2876 de)
1516 2837 1630 2877 Magnus
1644 2837 1730 2869 ludex
1751 2836 1892 2868 Calabriae
1913 2837 2011 2868 dirimit
2025 2838 2231 2869 controversiam

1291 2889 1359 2918 inter
1380 2887 1547 2918 Ascettinum
1569 2887 1603 2918 de
1625 2887 1688 2917 Brui
1703 2891 1729 2917 et
1744 2887 1838 2918 fratres
1858 2886 2006 2918 Hodiernae
2028 2887 2150 2919 dominae
2173 2887 2227 2928 Op-

1295 2939 1347 2979 pidi
1370 2939 1403 2970 de
1427 2938 1507 2969 feudo
1528 2938 1678 2970 Marescotti
1700 2937 1885 2970 fisa—eum
1901 2937 2022 2980 Eugenio
2042 2939 2075 2970 de
2097 2938 2163 2971 Calo
2183 2938 2234 2969 Se·
