2652 3762
412 340 447 368 vr

359 408 547 459 singulari
575 406 713 447 mentis
741 406 975 456 sagacitate,
1004 406 1101 445 haee
1137 404 1327 455 exquisito
1355 406 1506 455 pulchri
1534 418 1678 460 sensu,
1708 410 1806 451 haec
1833 411 1994 452 mirifica
2022 414 2199 456 ubertate
2226 425 2340 458 venu-

358 478 536 522 stateque
563 471 763 519 orationis,
792 471 887 509 haec
916 469 1200 508 liberalissimis
1229 468 1426 519 institutis,
1457 474 1496 509 et
1523 474 1803 521 temperatione
1835 465 1965 515 rerum
1997 476 2221 519 felicissima
2254 491 2342 520 cae-

356 535 453 573 teris
481 532 657 572 omnibus
685 531 862 580 anteivit3
894 531 983 568 huic
1011 531 1148 578 ingens
1176 529 1231 568 vis
1260 529 1475 570 obfirmavit
1502 536 1650 582 pectus,
1682 538 1863 584 tanquam
1891 537 2189 587 inexpugnabile
2216 541 2338 580 muni-

354 598 525 634 mentum
545 594 730 632 adversus
749 593 910 631 hostiles
929 600 1133 640 excensuS,
1154 593 1194 629 et
1212 590 1505 640 impressiones,
1527 593 1668 640 quibus
1688 600 1847 645 propter
1866 603 2043 638 naturam
2062 600 2235 649 regionis
2255 602 2339 650 ipsa

354 655 526 704 patebat.
550 654 627 693 Nec
643 664 733 693 vero
750 657 806 691 tot
820 652 1028 700 praeconia
1055 652 1213 691 laudum
1232 651 1358 701 magis
1378 652 1582 691 tribuenda
1601 659 1690 694 sunt
1708 656 1892 698 Graeciae
1911 661 2207 711 transmarinae,
2224 671 2340 709 quam

352 721 527 767 nostrae,
557 717 618 756 cui
647 716 807 764 Magnae
837 725 974 753 nomeu
1003 725 1051 754 ex
1074 725 1231 754 suarum
1261 715 1647 764 Rerumpublicarum
1680 722 1874 772 potentia,
1905 727 1944 763 et
1971 724 2249 775 Pythagoricae
2276 734 2339 764 sa-

351 782 522 831 pientiae
551 779 757 828 splendore
774 778 846 816 fuit
864 778 1106 817 arcessitum.
1129 777 1223 817 Heic
1251 778 1361 827 leges
1380 788 1402 816 a
1422 777 1588 818 Zaleuco
1612 783 1651 818 et
1670 781 1872 822 Charonda
1899 785 2015 836 latae,
2042 798 2141 836 quae
2168 787 2340 828 omnium

350 842 597 882 saeculorum
626 839 915 888 praedicatione
943 839 1085 888 dignae
1112 839 1372 889 haberentur;
1394 839 1482 878 heic
1501 843 1607 879 artes
1635 841 1715 880 sive
1735 844 1784 881 ad
1803 843 2018 897 iuvandam,
2039 849 2120 888 sive
2137 849 2187 889 ad
2203 859 2341 890 ornan-

351 909 441 947 dam
461 907 658 945 hominum
691 904 918 943 societatem
956 901 1260 940 concitatissimo
1288 901 1418 941 studio
1446 905 1486 941 et
1516 912 1729 952 progressu
1756 906 1950 959 excultae3
1980 909 2069 950 binc
2095 912 2259 961 primum
2279 914 2340 953 lit-

348 974 460 1009 terae
488 967 689 1017 politiores
718 966 876 1004 Romam
905 967 1183 1013 commearunt,
1214 963 1369 1002 ineunte
1397 968 1507 1003 sexto
1535 965 1584 1003 ab
1622 966 1719 1005 urbe
1747 968 1901 1007 condita
1929 972 2086 1011 saeculo
2103 1000 2114 1022 ,
2149 983 2338 1024 suamquc

348 1030 582 1079 elegantiam
602 1032 641 1067 ct
660 1028 955 1067 concinnitatem
984 1037 1069 1065 cum
1090 1026 1238 1065 rustico
1258 1029 1297 1065 et
1316 1025 1527 1074 imperioso
1548 1026 1646 1067 Latii
1667 1038 1847 1069 sermone
1866 1034 2208 1076 communicarunt.
2236 1037 2339 1079 Nihil

346 1103 466 1144 porro
495 1103 579 1142 nos,
602 1093 650 1131 ad
678 1092 754 1131 alia
782 1094 1052 1141 properanteS‚
1083 1093 1122 1128 et
1150 1090 1259 1129 veriti
1289 1099 1336 1128 ne
1364 1094 1492 1129 actum
1519 1100 1638 1139 agere
1666 1091 1879 1142 videamur,
1908 1104 1995 1133 eum
2023 1098 2079 1134 tot
2105 1098 2338 1139 nobilissimi

345 1156 559 1205 scriptores
574 1154 631 1204 (l)
647 1156 917 1203 argumentum
933 1152 1008 1191 hoc
1023 1152 1311 1201 probatissimis
1327 1151 1662 1193 lucubrationibus
1678 1154 1940 1205 exhauserint,
1959 1157 2054 1196 nihil
2080 1168 2339 1202 memoramus

345 1219 395 1258 de
414 1217 652 1268 fortitudine,
682 1227 758 1268 qua
786 1219 980 1256 nostrates
1008 1216 1125 1255 iidem
1145 1216 1281 1256 Graeci
1300 1217 1486 1257 adversus
1514 1217 1720 1257 immanem
1741 1218 2019 1269 Syracusarum
2038 1221 2255 1272 Tyrannum
2273 1225 2339 1264 de·

342 1283 565 1332 pugnarunt
585 1309 597 1332 ,
626 1282 666 1320 et
691 1279 858 1330 insignia
886 1280 1128 1329 reliquerunt
1154 1279 1323 1330 posteris
1351 1279 1582 1321 documenta
1615 1281 1767 1323 virtutis
1804 1283 1953 1326 nullum
1984 1284 2247 1336 periculorum
2273 1290 2340 1328 aut

341 1346 483 1386 mortis
509 1353 633 1395 genus
659 1353 731 1395 pro
759 1342 885 1395 patria
912 1343 1215 1384 reformidantis.

1300 1601 1385 1656 II.

444 1815 553 1861 Quod
580 1815 706 1865 magis
731 1816 780 1854 ad
809 1825 892 1854 rem
919 1818 1091 1854 nostram
1119 1815 1302 1865 pertinet,
1332 1815 1370 1854 in
1398 1824 1446 1855 eo
1475 1815 1643 1864 positum
1673 1818 1748 1864 est,
1778 1816 1882 1863 quod
1910 1819 2000 1864 post
2024 1818 2226 1859 adventum
2255 1832 2331 1862 nou

338 1878 455 1918 modo
485 1877 731 1917 Coloniarum
762 1875 881 1916 Roma
910 1876 1179 1926 deducturum,
1209 1876 1280 1915 sed
1307 1876 1424 1914 etiam
1453 1875 1822 1925 septentrionalium
1850 1876 2027 1916 Gentium
2053 1889 2125 1928 per
2151 1882 2337 1931 sequiora

338 1945 516 1992 tempora
543 1950 620 1980 non
648 1941 776 1980 omnis
813 1940 1061 1980 Graecismus
1097 1940 1200 1990 apud
1229 1949 1301 1979 nos
1328 1940 1431 1980 diem
1468 1949 1693 1990 supremum
1728 1941 1860 1981 obivit.
1892 1941 1973 1982 Sub
2001 1943 2223 1993 Augustcae
2252 1947 2333 1995 qui-

338 2004 427 2044 dem
456 2004 596 2043 aetatis
625 2004 769 2042 exitum
799 2003 939 2043 Strabo
967 2013 1087 2052 aegre
1115 2003 1280 2052 ferebat,
1311 2006 1350 2041 et
1377 2003 1689 2051 conquerebatur
1717 2002 1775 2053 (2)
1793 2004 2045 2052 graecanicas
2065 2010 2219 2047 nostras
2247 2009 2336 2048 civi·

337 2069 440 2104 tates
468 2065 670 2105 universas
698 2069 854 2114 praeter
883 2063 1099 2113 Neapolim,
1131 2063 1322 2112 Rhegium
1349 2066 1389 2103 et
1415 2063 1623 2102 Tarentum
1641 2063 1690 2102 ad
1710 2074 1840 2104 mores
1867 2065 2121 2115 institutaque
2148 2067 2337 2108 Romano-

337 2138 424 2168 rum
453 2128 679 2167 descirisse.
710 2127 808 2166 Hine
835 2127 1009 2166 nonnulli
1037 2130 1251 2175 arguerunt
1278 2136 1324 2165 ea
1344 2129 1575 2175 tempestate
1603 2135 1822 2165 sermonem
1844 2136 1999 2176 quoque
2028 2128 2241 2169 Romanum
2260 2131 2337 2170 huc

337 2192 461 2231 fuisse
489 2193 696 2231 invectum.
727 2192 777 2230 At
803 2190 869 2239 qui
889 2191 964 2229 hoc
990 2190 1064 2229 sibi
1093 2193 1171 2229 tam
1198 2190 1314 2229 facile
1342 2194 1638 2240 persuaserunt,
1666 2190 1845 2230 videntur
1872 2201 1946 2230 non
1976 2192 2072 2232 satis
2099 2195 2335 2246 advertisse,

340 2266 416 2304 qua
444 2256 690 2305 potissimum
718 2255 868 2294 ratione
897 2255 1089 2294 interdum
1119 2255 1199 2304 ssat,
1221 2259 1263 2294 ut
1282 2256 1514 2304 populorum
1542 2265 1745 2295 sermones
1772 2256 2060 2305 extinguantur.
2083 2258 2124 2297 ld
2151 2261 2252 2300 enim
2271 2272 2332 2301 ae-

338 2317 447 2367 cidit,
477 2322 592 2366 prout
618 2327 778 2357 sensere
806 2317 877 2357 viri
906 2317 1150 2366 doctissimi,
1182 2317 1248 2365 qui
1277 2321 1426 2367 ortum,
1456 2317 1560 2356 vices
1589 2320 1628 2355 et
1655 2318 1883 2366 penitiorcm
1911 2320 2227 2369 reconditamque
2254 2324 2330 2363 vim

336 2380 558 2429 linguarum
586 2381 901 2430 pervestigarunt
922 2380 995 2429 (3),
1013 2381 1045 2419 si
1065 2384 1132 2419 aut
1159 2381 1292 2430 populi
1320 2381 1477 2419 victoris
1506 2381 1637 2429 lingua
1661 2382 1804 2430 populo
1832 2382 1982 2421 devicto
2010 2384 2244 2433 subditoque
2262 2397 2333 2436 per

338 2441 505 2479 edietum
535 2442 769 2491 imponatur,
791 2445 859 2481 aut
878 2444 1080 2490 utriusque
1108 2442 1241 2491 populi
1270 2442 1426 2490 linguae
1446 2442 1546 2481 inter
1565 2451 1608 2481 sc
1629 2442 1907 2481 consuetudine
1938 2444 2117 2483 diuturna
2145 2447 2330 2486 collidan-

338 2506 416 2552 tur,
447 2507 486 2542 et
512 2506 652 2543 tertius
681 2506 770 2543 inde
799 2514 928 2543 sermo
958 2508 1178 2543 enascatur.
1201 2506 1250 2543 At
1269 2506 1466 2545 enimvero
1494 2506 1640 2544 nostris
1669 2505 1826 2545 Graecis
1845 2516 1916 2545 nee
1935 2506 2094 2546 Romani
2122 2518 2232 2548 suam
2261 2511 2328 2550 im-

342 2569 559 2613 posuerunt
586 2565 772 2615 linguam,
795 2575 866 2604 nec
885 2566 981 2604 illud
1001 2565 1141 2614 obtigit
1160 2565 1374 2605 collisionis
1402 2576 1540 2615 genus,
1562 2576 1639 2614 quo
1659 2576 1787 2605 sermo
1808 2576 1927 2605 novus
1956 2567 2192 2608 oboriretur.
2215 2569 2331 2609 Grae-

341 2625 425 2665 ciae
453 2630 592 2677 captae
619 2627 791 2667 sermoni
818 2627 924 2674 nullo
954 2636 1030 2667 non
1059 2630 1234 2676 tempore
1263 2626 1422 2667 Romani
1451 2628 1619 2667 victores
1647 2631 1794 2667 tantum
1820 2627 1981 2667 honoris
2013 2628 2256 2680 habuerunt,
2286 2635 2328 2670 ut

416 2794 460 2834 (l)
481 2796 708 2832 Tirabosehius.
731 2797 839 2829 Stoi-ia
861 2798 948 2829 detta
964 2799 1165 2830 Lauernium
1180 2799 1337 2836 untione,
1354 2801 1430 2831 tom.
1447 2800 1473 2836 1,
1488 2802 1582 2839 parte
1597 2798 1972 2837 11.—-Winkelmannius,
1987 2798 2125 2830 Histoire
2139 2800 2196 2831 dea
2208 2799 2278 2832 Arta
2291 2815 2331 2826 —

335 2844 489 2883 illicalius.
514 2848 621 2880 Stoi-ia
643 2850 784 2881 d’11ulia
807 2851 920 2881 avarita·
941 2852 965 2882 it
988 2852 1133 2883 dominio
1155 2852 1204 2883 de'
1219 2852 1368 2891 Romani,
1389 2855 1484 2893 parte
1506 2852 1534 2884 1.
1551 2861 1580 2884 c.
1596 2852 1664 2884 XX.

418 2899 466 2940 (2)
490 2902 670 2942 ὒιιοῃναρὴ.
694 2904 751 2934 tib.
781 2904 826 2935 Π.
851 2905 909 2935 sub
931 2905 1075 2937 eutitium.

417 2953 465 2993 (3)
486 2956 528 2986 be
550 2957 685 2995 ttrosses,
710 2958 896 2990 Formatiou
918 2958 1106 2999 studeamque
1121 2960 1177 2992 des
1192 2959 1339 2999 lanauea,
1363 2958 1459 2999 caup.
1474 2958 1504 2996 9,
1521 2965 1554 2991 n.
1581 2955 1889 2997 1⁶2-cesurouius,
1915 2957 2167 2997 lcuqioaamento
2184 2958 2328 2998 pretoni-

335 3010 415 3034 nare
431 3004 465 3035 at
489 3005 583 3037 corso
605 3006 641 3040 di
662 3007 863 3041 Leuci-atara
886 3010 999 3042 Greca.
