2652 3762
1287 373 1333 381 ....
1355 352 1396 390 10
1415 373 1462 382 ..-

1066 510 1072 515 ᾖ
1327 435 1401 491 xi.

850 553 961 608 (999)
979 577 1027 584 —-
1037 554 1157 597 Mense
1177 556 1365 598 Decembri
1378 580 1431 587 —
1443 557 1570 600 Indict·
1591 557 1671 598 xm
1683 582 1735 590 -
1750 555 1885 598 Asculi.

379 666 548 713 Greqmius
576 661 850 709 Protospallmrins
875 661 1064 708 Inqtcrialis,
1081 663 1276 698 adstantibus
1293 663 1352 698 sibi
1372 663 1406 698 in
1424 663 1591 698 consilium
1614 664 1642 697 Τ
1641 663 1738 710 rc‘filio
1756 662 1917 710 Imperialc'
1941 662 2111 710 Topoterite
2126 669 2153 698 οι
2169 662 2356 710 quibusdam

431 724 631 761 Turmarchis
646 729 738 768 atquc
752 720 921 763 Iuclicibus,
936 721 1002 756 lata
1019 723 1176 765 sententia,
1189 724 1326 758 vindicat
1343 722 1529 759 monasterio
1542 722 1741 758 S-Benedae'cti
1752 724 1922 771 quamdam
1933 723 1968 759 in
1981 723 2096 771 oppido
2102 723 2208 758 Asadi
2219 723 2361 760 domum.

423 829 636 872 Praeceptum
659 821 800 871 gregorii
825 821 1005 871 Imperialjs
1028 823 1281 870 protospatharii
1306 823 1346 858 de

375 887 471 922 domo
486 885 521 920 in
537 883 661 920 asculo.

421 941 607 978 Secundum
618 939 780 977 decembri
792 938 923 980 mensis3
935 938 1158 974 tertiadecima
1171 938 1347 973 indictione

374 1007 534 1050 agentem,
553 999 738 1034 inveniente
756 1010 814 1032 nos
830 997 863 1031 in
879 996 1009 1031 civitate
1025 994 1221 1036 asculensis,
1239 1000 1347 1030 astan-

375 1069 421 1099 tes
437 1061 530 1097 nobis
548 1059 677 1095 trifilius
701 1055 862 1105 imperiali
879 1055 1030 1102 topoterti
1044 1081 1052 1096 ‚
1082 1060 1115 1089 et
1130 1054 1182 1089 leo
1206 1059 1348 1089 turmar-

374 1121 447 1158 cha.
472 1118 540 1154 filio
561 1115 742 1154 romualdi;
765 1119 798 1149 et
821 1124 940 1159 argyro
964 1111 1170 1153 turmarcl1a3
1198 1110 1346 1146 musandi

372 1185 405 1216 et
422 1175 560 1213 mai-aldi
573 1174 715 1222 judices,
743 1171 801 1206 hos
817 1169 978 1217 predictos
995 1169 1035 1204 de
1052 1169 1182 1205 civitate
1197 1168 1288 1207 bari3
1315 1173 1347 1203 et

373 1243 597 1272 rossemannus
614 1231 653 1265 de
669 1229 800 1265 civitate
816 1228 946 1268 asculo;
972 1233 1005 1262 et
1022 1231 1133 1274 petrus
1157 1225 1197 1261 de
1215 1225 1346 1260 civitate

373 1293 519 1330 benusia.
539 1289 752 1337 Compellatio
768 1287 845 1322 fecit
860 1286 1005 1321 ademari
1021 1284 1204 1333 prepositus
1220 1285 1263 1325 de,
1276 1297 1347 1319 mo·-

372 1352 512 1389 nastcrio
529 1348 638 1386 Sancti
658 1345 821 1384 Benedicti
832 1371 840 1386 ,
860 1344 947 1392 quod
964 1345 1063 1379 situm
1081 1350 1130 1380 est
1151 1344 1185 1379 in
1202 1350 1345 1379 montem

371 1409 515 1446 casinum
528 1418 625 1454 super
641 1405 780 1440 iohanne
796 1403 885 1450 nepti
894 1402 1028 1438 abellari
1042 1402 1085 1437 ‘de
1093 1402 1226 1437 civitate
1235 1401 1346 1436 asculo

370 1468 546 1507 dicentem
563 1470 601 1500 ut
617 1464 752 1500 haberet
767 1474 833 1497 una
850 1473 923 1497 casa
943 1461 1086 1496 laborata
1106 1472 1203 1508 super
1221 1466 1254 1495 et
1269 1461 1345 1495 sub-

369 1532 420 1562 ter
436 1522 639 1572 pertinentiis
663 1520 808 1569 ejusdem
834 1519 1012 1555 venerabili
1034 1519 1096 1553 loci
1115 1517 1226 1552 Sancti
1243 1518 1345 1552 Bene-

368 1583 447 1619 dicti
463 1583 551 1617 intus
564 1580 732 1616 civitatem
745 1577 855 1614 asculo
867 1589 928 1624 pro
946 1588 1013 1624 quo
1026 1576 1183 1611 habemus
1196 1576 1230 1610 in
1243 1576 1345 1611 eccle-

369 1641 416 1676 sia
433 1638 626 1686 receptionis
641 1637 787 1686 ejusdem
802 1635 941 1672 cenobii.
952 1642 984 1671 et
1002 1635 1089 1682 quod
1105 1635 1166 1670 snit
1182 1634 1216 1669 in
1229 1647 1345 1682 prepo-

366 1700 467 1735 situm
485 1698 527 1732 ab
545 1698 616 1744 ipso
638 1695 864 1743 prenominato
880 1693 1079 1729 monasterio
1104 1693 1271 1729 ordinatus
1288 1707 1346 1729 an-

366 1756 417 1792 nis
434 1754 585 1802 plurimis
607 1752 780 1800 quemdam
797 1757 962 1786 muscatus
979 1750 1128 1791 nomine;
1149 1756 1182 1786 et
1202 1751 1344 1787 vendidit

366 1814 395 1850 is
408 1813 492 1849 dicta
509 1824 582 1847 casa
599 1822 697 1858 super
713 1816 745 1845 et
763 1810 876 1844 subter
894 1809 1058 1856 quomodo
1074 1814 1123 1844 est
1137 1809 1290 1844 fabricata
1304 1811 1343 1844 ad

367 1877 498 1918 accepta
515 1875 632 1917 nepote
648 1881 719 1904 sua.
738 1868 873 1914 Accepit
897 1868 938 1902 ab
955 1879 992 1902 ea
1011 1868 1094 1902 libre
1119 1868 1245 1914 argenti
1263 1869 1344 1904 duas

368 1931 452 1966 sicut
469 1929 627 1977 scriptum
642 1927 815 1975 emptionis
833 1927 903 1973 ejus
919 1927 1062 1972 contjnet
1073 1953 1082 1967 ‚
1105 1938 1204 1973 quem
1221 1926 1272 1962 his
1295 1928 1344 1963 di-

367 1993 440 2023 ctus
465 1991 631 2022 muscatus
655 1984 757 2032 ipsius
774 1984 941 2019 firmatum
965 1983 1090 2018 habuit.
1107 1988 1139 2018 et
1168 1996 1233 2019 non
1259 1991 1344 2020 emat

367 2045 473 2092 autjre
489 2043 523 2078 in
540 2044 666 2090 prefato
681 2042 765 2077 loco.
789 2041 831 2076 Et
847 2041 916 2087 ipsa
940 2040 1083 2087 predicta
1101 2041 1259 2076 monacha
1283 2042 1343 2076 ite-

367 2113 443 2136 rum
468 2100 614 2136 vendidit
638 2099 706 2146 ipsa
730 2098 874 2146 predicta
897 2110 970 2133 casa
995 2097 1037 2132 ad
1061 2098 1343 2145 supernominatus

366 2159 475 2194 ioanni
492 2163 610 2205 nepote
627 2157 730 2193 helari
746 2157 781 2192 in
798 2155 918 2191 solidos
934 2157 1010 2191 XV.
1029 2156 1180 2192 Continet
1195 2156 1240 2191 ita
1258 2169 1342 2204 quae

367 2214 531 2251 subtiliter
554 2220 587 2251 et
609 2214 677 2262 ipsa
701 2213 826 2250 cartula
851 2212 1102 2261 comparationis
1126 2214 1342 2261 prenominati

1389 821 1525 858 muscati
1547 821 1635 870 quod
1652 821 1692 857 ad
1706 823 1788 870 ipsa.
1803 828 1933 870 accepta
1950 823 2040 859 abuit
2056 824 2151 859 facta.
2171 828 2210 859 ut
2226 828 2359 871 propter

1388 878 1495 926 inopia
1519 880 1661 914 maxima
1691 880 1749 915 ubi
1773 880 1889 915 cecidit
1917 880 1988 927 ipso
2010 881 2139 928 prefato
2161 880 2361 915 monasterio

1388 939 1590 985 pertinentiis
1602 938 1712 974 Sancti
1720 933 2039 985 Benedicti3propter
2049 939 2110 974 boc
2118 939 2209 974 illam
2220 950 2361 975 venum-

1388 997 1501 1032 damus
1517 1009 1575 1032 nos
1591 997 1700 1044 itaque
1717 997 1869 1032 facientes
1885 996 1992 1043 legere
2010 997 2077 1043 ipsa
2094 997 2239 1038 cartula:
2266 1002 2299 1032 et
2315 997 2361 1032 sic

1388 1056 1428 1092 de
1444 1069 1482 1092 ea
1506 1061 1734 1103 cognoscentes
1757 1055 1955 1095 veritatem
1983 1062 2020 1090 ut
2037 1055 2105 1101 ipsa
2129 1055 2272 1101 predicta
2287 1066 2361 1090 casa

1387 1115 1580 1162 pertinentia
1605 1119 1726 1149 esseret
1749 1113 1867 1160 prefati
1890 1112 1954 1148 loci
1977 1112 2154 1159 venerabilj
2185 1118 2219 1147 et
2242 1113 2363 1160 absque

1389 1173 1493 1220 legem
1522 1173 1583 1208 hee
1607 1171 1836 1208 venundasset.
1868 1170 1919 1205 his
1943 1170 2047 1205 dictus
2075 1174 2241 1205 muscatus
2264 1175 2362 1217 atque

1387 1231 1592 1278 proprietatis
1609 1242 1703 1265 causa
1720 1228 1935 1266 venundasset
1947 1228 2002 1263 illa
2019 1228 2060 1263 ad
2072 1228 2123 1263 his
2138 1227 2224 1264 dicta
2242 1233 2358 1275 nepote

1387 1301 1459 1330 sua3
1477 1288 1670 1324 abstulimus
1686 1300 1757 1323 eam
1773 1287 1847 1322 odic
1864 1299 1882 1322 a
1896 1286 2034 1321 iohanne
2053 1292 2169 1333 nepote
2186 1285 2304 1320 helari.
2319 1285 2361 1320 Et

1387 1347 1579 1382 tradidimus
1596 1348 1665 1394 ipsa
1680 1346 1720 1382 ad
1737 1346 1951 1382 aldemarium
1966 1345 2170 1393 prepositum
2177 1343 2287 1381 Sancti
2301 1344 2363 1379 Be-

1387 1407 1520 1447 nedicti;
1539 1406 1774 1442 Confirmantes
1792 1415 1852 1438 nos
1867 1403 1949 1450 ipsa;
1963 1403 2004 1438 ad
2021 1409 2130 1439 saneta
2142 1403 2195 1438 dei
2211 1401 2359 1439 eeclesia.

1386 1464 1426 1499 ad
1442 1463 1615 1498 tenendam
1630 1463 1722 1497 illam
1746 1466 1780 1497 et
1795 1460 2022 1496 dominandam
2046 1461 2168 1507 absque
2184 1459 2361 1495 contrarie-

1387 1527 1452 1557 tate
1466 1522 1623 1569 cujusque
1635 1521 1730 1567 sicutj
1744 1518 1914 1567 proprium
1928 1518 1990 1553 tuit
2002 1517 2041 1552 de
2053 1519 2121 1565 ipsa
2136 1522 2244 1552 sancta
2257 1516 2362 1552 eccle—

1386 1580 1445 1614 sia.
1465 1584 1498 1614 et
1514 1578 1602 1626 quod
1626 1577 1818 1626 proprietatj
1835 1587 1932 1612 causa
1957 1575 2173 1611 venundasset
2188 1574 2294 1621 ipsam
2311 1573 2363 1608 his

1386 1636 1491 1671 dictus
1504 1643 1668 1671 muscatus
1681 1635 1720 1670 ad
1738 1641 1868 1682 accepta
1886 1639 2003 1680 nepote
2021 1645 2091 1668 sua.
2111 1631 2288 1666 secundum
2305 1642 2364 1665 an-

1388 1697 1432 1731 tio
1449 1696 1529 1742 legis
1553 1696 1598 1730 ita
1618 1701 1669 1730 est
1692 1701 1730 1730 ut
1746 1695 1879 1730 ecclesie
1905 1705 2001 1729 cause
2027 1691 2121 1727 nemo
2145 1692 2262 1726 audeat
2285 1700 2365 1724 ven-

1386 1755 1460 1789 dere
1476 1767 1537 1801 pro
1554 1754 1651 1800 nulljs
1667 1754 1770 1787 modis
1787 1752 1954 1787 minuandi
1969 1763 2081 1785 eorum
2095 1761 2204 1789 cause;
2219 1747 2362 1784 Maxime

1385 1823 1460 1846 cum
1478 1823 1537 1845 nee
1554 1810 1678 1857 aliquid
1696 1810 1802 1845 antire
1818 1810 1852 1844 in
1871 1809 1941 1855 ipso
1958 1810 2082 1855 prefato
2098 1805 2294 1841 monasterio
2305 1803 2361 1838 ad-

1387 1871 1527 1905 misisset
1552 1870 1620 1915 ipse
1637 1869 1801 1916 predictus
1816 1873 1982 1902 muscatus
2006 1871 2044 1901 ut
2062 1864 2240 1900 secundum
2256 1863 2361 1909 legem

1386 1928 1445 1962 hee
1463 1929 1596 1962 faceret.
1610 1927 1664 1961 sed
1680 1927 1741 1961 ista
1759 1927 1885 1973 prefata
1902 1925 2089 1963 securitate3
2100 1921 2279 1957 emisimus.
2294 1920 2362 1965 Ego

1384 1984 1554 2031 gregorius
1570 1984 1733 2031 imperiali
1751 1982 2031 2031 protospatharius
2051 1985 2084 2014 et
2102 1985 2257 2024 catepano
2269 1975 2362 2022 ltalJ'e

1386 2042 1591 2089 trachaniotj;
1611 2043 1651 2077 Et
1668 2054 1728 2088 pro
1752 2041 1938 2077 firmissima
1959 2038 2149 2074 credulitate
2165 2034 2362 2071 bullavimus

1384 2100 1474 2135 illam
1490 2101 1550 2135 tibi
1566 2112 1642 2136 cum
1654 2100 1744 2135 bulla
1758 2100 1907 2147 plumbea
1927 2110 2002 2133 cum
2014 2096 2147 2144 proprio
2162 2099 2274 2130 nostro
2285 2092 2360 2128 bul-

1384 2157 1512 2204 lotjrio,
1539 2163 1573 2192 et
1589 2157 1729 2204 propriis
1753 2157 1834 2192 meis
1850 2156 2000 2192 manibus
2022 2153 2172 2194 subnexi.
2199 2152 2309 2193 Mense
2325 2155 2358 2185 et

1384 2214 1556 2249 indictione
1573 2226 1670 2261 supra
1686 2213 1864 2249 nominata.

1551 2308 1612 2349 (Ex
1628 2307 1697 2350 Reg.
1715 2308 1787 2339 Petri
1802 2307 1994 2340 Diac.—-Fol.
2013 2305 2109 2343 LXVI,
2126 2305 2171 2336 n.⁰
2188 2304 2278 2344 ΗΟ.)

1325 2422 1420 2475 Xll.

943 2539 992 2582 10
1001 2539 1051 2582 00
1064 2541 1249 2584 —Mense
1271 2508 1465 2584 Februario
1477 2566 1530 2572 -—
1540 2542 1670 2585 indict.
1692 2541 1787 2584 xm.

451 2646 619 2692 arram-ins
638 2645 916 2692 I’rotnspallzarins
936 2646 1113 2692 Imperialis
1127 2647 1347 2692 possessionem
1363 2649 1568 2695 praediea-mn
1586 2649 1619 2683 in
1635 2649 1758 2683 civitate
1775 2648 1901 2683 Lesinae
1913 2659 2012 2693 prope
2028 2647 2142 2691 [lamen
2164 2645 2263 2680 Lauri
2274 2672 2282 2684 ,

538 2706 571 2739 in
590 2705 764 2741 civitatibus
781 2705 899 2747 Asculi,
922 2706 1054 2741 Canusii
1071 2713 1096 2741 et
1113 2707 1272 2750 Μίηονυῖὶ,
1290 2715 1316 2743 ct
1333 2708 1368 2743 in
1383 2720 1463 2755 aqro
1487 2709 1656 2750 Tranensi,
1674 2708 1816 2744 coenobio
1837 2706 2000 2742 Casiniensae'
2015 2707 2193 2752 confirmat.

421 2810 444 2838 Κ
452 2817 519 2837 κτοι
535 2803 600 2838 τῶν
622 2801 816 2851 cwpoua'pcor
831 2802 932 2847 μῆννι,
951 2806 1013 2847 τῆς
1027 2801 1231 2851 ’.ἕνηστκμεῖης
1249 2803 1341 2856 ⁷910·-
1429 2808 1460 2856 †
1474 2809 1655 2844 Secundum
1674 2807 1830 2843 februarii
1844 2807 1961 2842 mensis
1978 2817 2054 2841 cum
2066 2805 2287 2841 tertiadecima
2301 2805 2351 2840 in-

368 2860 562 2906 κκιῪε-καίτης
585 2858 791 2905 ινδικτιωιος,
819 2863 845 2899 ἓν
863 2859 910 2899 ἔτι
930 2867 1034 2914 ςφη’,
1054 2861 1215 2910 ’ἔγκλησην
1234 2864 1340 2910 ἔποιή-
1382 2866 1535 2901 dictione.
1554 2866 1642 2900 Anni
1666 2876 1726 2900 sex
1742 2864 1832 2899 milia
1858 2864 2052 2911 quingentos
2068 2868 2155 2898 octo.
2175 2861 2357 2908 Compella-

367 2932 454 2954 σῖτ’)
474 2931 550 2965 πρῠς
577 2920 670 2962 ‘iv-‘Is-
690 2914 806 2967 {uz'rfoos
825 2923 1019 2967 πρεπίσιτος
1031 2947 1040 2960 .
1067 2918 1085 2953 ὁ
1106 2920 1159 2957 κν.)
1184 2922 1342 2966 οἰκονόμος
1383 2924 1429 2959 tio
1445 2923 1521 2958 fecit
1536 2922 1630 2958 nobis
1646 2933 1781 2957 maurus
1794 2920 1969 2956 monachus
1986 2931 2029 2955 ex
2044 2919 2241 2956 monasterio
2255 2917 2356 2954 sancti

368 2977 461 3018 μωῆς
485 2976 548 3013 τοῦ
574 2975 669 3024 ἀγιοῦ
693 2973 871 3015 υειεδίττου
894 2991 958 3015 του
971 2977 1086 3021 mim
1110 2979 1261 3017 xxo-alym
1279 2994 1341 3018 του
1382 2981 1544 3019 benedicti
1560 2980 1601 3016 de
1618 2986 1727 3017 monte
1745 2979 1891 3016 casinum
1904 2979 2002 3028 juxta
2019 2980 2206 3025 Capuanam
2222 2978 2352 3017 urbem,
