2560 3646
1203 400 1401 436 -579—

293 486 330 492 ——
354 468 517 510 (nice-ardus
540 473 566 501 et
587 469 695 502 Bulotta
715 470 760 511 de)
781 470 877 502 donant
908 470 1014 502 Venulo
1038 468 1140 501 vineam
1160 468 1185 499 in
1207 476 1271 508 agro

331 520 426 552 Nubae
448 521 657 554 379—Eorum
680 523 778 555 mentio
798 522 869 553 394.

291 571 439 604 Clastanita
459 577 487 604 et
506 573 654 606 Clatzanila
675 574 790 606 Ioannes
809 572 883 610 297,
906 575 926 604 t.
951 571 1023 604 299.

292 623 399 656 Clalzae
420 625 506 657 malae
528 627 601 658 rivus
623 627 650 657 in
670 634 737 666 agro
759 625 854 656 Nubae
875 625 925 656 75.

292 672 418 706 Clausari
440 677 514 707 vinea
535 677 561 707 in
584 685 650 718 agro
672 676 754 707 Actae
775 674 846 706 546.

292 723 443 757 Clausurae
467 726 513 762 11,
541 726 589 758 14.

286 775 379 807 ›Clemi
401 776 503 808 Nicolai
525 777 663 818 praedium
684 776 711 808 in
732 784 798 817 agro
820 774 942 816 Scyllacii
963 775 1038 813 407,
1060 774 1134 807 409.

286 825 438 859 Clementia
457 828 565 859 domina
586 828 736 860 Arenarnm
759 827 832 866 545,
855 827 929 860 547.

292 894 335 900 ——
357 882 444 909 mater
464 877 569 909 loannis
590 876 727 910 Scullandi
748 877 832 910 Aetne
852 877 949 909 domini
969 875 1039 908 333.

295 926 459 959 Clementiae
480 928 576 960 uxoris
595 926 731 960 Laurentii
753 927 898 960 caballarii
920 930 1111 961 testamentum
1131 925 1203 958 376.

295 978 418 1011 Clericus
439 978 563 1012 libertate
583 980 696 1012 donatus
717 979 788 1011 512.

292 1046 337 1052 -
357 1029 501 1071 imperialis
522 1030 576 1069 52,
598 1030 651 1063 90.

292 1096 337 1103 --
356 1078 495 1121 presbyter
514 1080 589 1113 527.
613 1081 647 1113 V.
671 1080 826 1122 Presbyter.

292 1130 409 1163 clibana
428 1131 544 1164 loannes
563 1132 635 1171 231,
659 1133 718 1164 eius
738 1132 809 1165 fitius
829 1131 947 1165 Basilius
969 1135 990 1164 t.
1013 1131 1078 1164 ibid.

296 1181 507 1215 Clilsuriarchus
528 1181 627 1215 Cosma
647 1187 668 1215 t.
692 1183 744 1215 24.

296 1231 380 1264 Clisto
402 1233 527 1272 (loannes
547 1234 592 1274 de)
613 1234 732 1265 notarius
752 1234 783 1266 S.
806 1234 899 1265 Menae
919 1233 993 1270 468,
1015 1233 1089 1267 469.

298 1282 410 1315 Cluclus
430 1292 458 1315 u.
484 1284 502 1316 Ι.
528 1285 553 1314 in
574 1293 640 1325 agro
660 1284 768 1316 Roncae
788 1285 822 1317 de
842 1285 952 1317 Fallueo
972 1285 1045 1318 501.

294 1334 429 1367 Cocealus
439 1335 596 1368 Theodorus
606 1345 744 1377 possessor
754 1338 924 1379 praediorum
936 1338 961 1369 in
972 1347 1038 1379 agro
1049 1339 1192 1370 Nicoterae
1203 1338 1275 1370 314.

296 1384 412 1423 Kainon,
436 1390 557 1417 monetae
579 1395 675 1428 genus,
699 1387 771 1427 403,
788 1388 861 1426 505,
885 1389 958 1420 484.
977 1389 1011 1421 V.
1028 1388 1278 1421 Tareni—Keinos

337 1441 454 1477 granum
475 1437 605 1476 denotat,
627 1449 654 1481 p.
678 1439 750 1478 403,
766 1444 794 1471 et
814 1440 848 1472 ad
868 1440 1103 1473 discriminandum
1123 1445 1276 1473 tarenorum

335 1495 422 1528 genus
442 1487 637 1529 usurpabatur,
654 1494 736 1530 prout
753 1490 859 1522 Morsus
878 1494 1012 1529 autumat,
1023 1491 1068 1532 qui
1082 1491 1161 1531 plura
1182 1490 1277 1522 huius-

337 1535 407 1567 modi
430 1540 587 1569 tareuorum
601 1538 723 1581 exempla
737 1548 753 1571 e
767 1539 865 1573 Siculis
880 1540 980 1571 chartis
993 1542 1091 1581 profert
1111 1545 1168 1572 tum
1184 1541 1275 1578 unius,

336 1588 393 1616 tum
414 1586 531 1619 duorum
552 1597 710 1629 granorum.
733 1589 922 1630 (Decor-isim
936 1590 966 1621 di
980 1589 1110 1622 palarmo
1123 1591 1230 1627 antico,
1247 1599 1275 1631 p.

337 1636 410 1675 308,
434 1638 516 1677 352,
540 1639 622 1675 372,
645 1639 724 1678 386,
748 1640 809 1671 404
830 1644 885 1671 not.
912 1641 976 1682 16.)

297 1687 416 1719 Cotinos
437 1688 535 1720 Petrus
555 1699 694 1730 possessor
713 1691 813 1731 praedii
833 1692 861 1722 iu
880 1700 947 1733 agro
968 1690 1069 1723 Catacii
1091 1691 1163 1723 419.

296 1736 368 1769 Coeo
390 1738 561 1778 (Theodorus
581 1740 624 1781 de)
646 1751 671 1772 v.
697 1741 768 1773 558.

296 1787 414 1821 Codalus
436 1790 549 1822 loannes
570 1795 597 1822 et
617 1791 672 1823 Leo
692 1802 734 1824 vv.
759 1792 828 1824 183.

297 1839 417 1873 (ὶοιΙίηιιε
437 1842 549 1874 michael
571 1843 640 1874 filius
661 1842 827 1888 Constantini
847 1848 869 1878 t.
895 1846 964 1878 187.

299 1889 395 1932 Κὸὃιξ,
418 1894 515 1932 codex,
538 1895 591 1933 57,
616 1895 667 1934 58,
691 1895 761 1934 114,
784 1896 856 1928 557.

298 1940 437 1975 Codrionis
458 1942 499 1982 (S.
522 1944 650 1976 Nicotaus
669 1944 714 1987 de)
735 1946 762 1977 lu
785 1944 911 1979 Calabria
932 1946 1004 1979 298.

298 1994 417 2026 Coccum
438 1995 536 2027 flumen
557 1996 583 2027 in
604 1995 731 2029 Calabria
750 1998 824 2029 472.

300 2042 381 2076 Coeci
402 2045 494 2078 Petra.
518 2046 553 2077 V.
577 2046 669 2079 Petra.

299 2093 446 2127 coenobita
468 2097 579 2128 loannes
600 2107 626 2129 v.
643 2098 723 2130 ¹558.

301 2146 394 2178 Colina
414 2146 456 2186 (S.
482 2147 582 2178 Nicolai
603 2146 647 2187 de)
668 2147 790 2179 ecclesia.
814 2148 848 2179 V.
874 2148 1022 2182 Ecclesiae.

301 2197 416 2229 Colutus
438 2198 551 2229 Ioannes
571 2206 711 2239 possessor
729 2198 831 2239 praedii
853 2199 880 2230 in
901 2207 969 2241 agro
991 2198 1143 2232 Colubrarii
1164 2200 1236 2233 319.

300 2248 368 2280 Colli
389 2248 526 2290 praedium
549 2248 574 2279 in
595 2257 661 2290 agro
683 2248 803 2280 Circlarii
826 2248 897 2281 224.

301 2299 408 2331 Collum
424 2308 453 2330 ιι.
478 2299 498 2332 l.
522 2300 548 2330 in
568 2308 635 2340 agro
654 2299 774 2332 Cimlarii
795 2299 866 2332 302.

302 2351 380 2382 Colla
402 2350 583 2383 Palumbarac
603 2362 632 2385 ιι.
655 2352 677 2384 l.
700 2353 726 2384 in
748 2361 816 2395 agro
837 2353 928 2387 Ursuli
950 2354 1021 2388 109.

302 2402 376 2433 Colle
397 2401 548 2441 (Goffredus
567 2402 612 2443 de)
631 2406 654 2438 t.
679 2402 750 2436 378.

304 2452 473 2485 Colobrauus
494 2453 608 2485 loannes
627 2458 771 2497 protopapa
793 2455 924 2500 Episcopii
945 2457 1017 2490 271.

303 2502 491 2534 colobran'um
513 2503 554 2534 vel
573 2502 776 2544 Caluini-arium,
800 2506 1006 2549 Κολοβράριον,
1028 2509 1084 2541 ital.
1110 2509 1253 2546 Golobroro
1271 2535 1279 2550 ,

346 2554 479 2586 Lucaniae
499 2554 633 2595 oppidum.

388 2604 498 2637 Donatio
519 2606 587 2637 iacta
608 2606 635 2637 in
655 2606 706 2638 hac
728 2610 801 2639 terra
823 2606 894 2640 319.

386 2655 499 2688 Flumen
520 2656 594 2698 Signi
616 2657 688 2689 305.

388 2706 501 2739 ludices:
523 2707 666 2740 Ferrarius
687 2707 801 2741 loannes
823 2709 896 2748 312,
919 2710 988 2749 320,
1013 2712 1157 2746 Gofl'redus
1184 2716 1218 2747 de
1247 2715 1277 2747 S.

348 2758 516 2799 Arobausselo
535 2757 603 2794 305,
628 2757 700 2790 312.

387 2810 451 2841 Loci
472 2817 566 2841 nomen
586 2809 698 2841 Tarsiae
718 2814 816 2851 puteus
836 2810 908 2844 319.

385 2861 483 2892 Montio
504 2861 622 2893 eiusdem
644 2862 731 2903 oppidi
755 2862 824 2894 122.

385 2912 564 2945 molendinum
584 2912 615 2945 S.
638 2914 738 2946 Nicolai
759 2915 793 2947 de
814 2914 937 2948 Peratico
958 2917 1030 2950 305.

386 2965 576 2996 monasterium
597 2965 628 2997 S.
640 2966 783 3002 Nicotaide
798 2967 920 3000 Peratico
937 2969 1007 3007 145.
1025 2970 1098 3010 304,
1116 2971 1187 3012 311,
1205 2971 1278 3006 319.

388 3015 501 3047 Notarii:
526 3014 580 3047 Leo
602 3016 674 3054 292,
696 3016 768 3055 303,
791 3018 909 3052 Thomas
933 3018 1000 3053 123.

1396 469 1522 501 Praedia:
1548 468 1696 510 Arsaphiae
1717 468 1775 501 319
1794 494 1802 508 ,
1826 470 1941 502 Asberni
1961 469 2023 502 304
2037 493 2045 507 ,
2069 466 2185 510 cophnu
2206 465 2267 497 319
2282 489 2290 503 .

1358 518 1479 550 Eustrati
1501 519 1573 556 320,
1597 519 1627 550 S.
1652 520 1753 551 Nicolai
1769 521 1803 552 de
1823 520 1946 552 Peratico
1967 520 2039 558 304,
2056 520 2128 558 311,
2145 517 2219 555 319,
2235 517 2293 549 Nu-

1356 569 1469 601 carritac
1492 569 1562 607 311,
1587 570 1689 601 Phillae
1710 571 1781 609 319,
1806 571 1880 603 ὃῗιιιῐί
1901 572 1970 608 305,
1996 572 2066 603 311.

1397 619 1525 660 Strategi:
1544 620 1655 651 loannes
1677 620 1746 652 silius
1767 623 1912 662 presbytcri
1925 622 2040 655 Conslac
2055 622 2127 660 320,
2139 620 2295 655 Gualterius

1358 669 1429 707 305,
1453 670 1593 700 Mandator
1614 670 1747 711 Rogerius
1769 671 1833 702 ibid.
1850 696 1858 708 ‚
1882 673 2045 713 Papacaleea
2067 673 2199 714 Rogerius
2221 670 2291 703 312.

1398 719 1585 751 Venditionum
1607 721 1784 752 instrumenta
1805 722 1878 760 304,
1901 722 1971 754 311.

1399 771 1554 802 vicecomes
1576 772 1727 813 Arsapliius
1748 769 1780 803 de
1804 774 1910 805 Pilzileo
1936 775 2003 805 123.

1317 822 1470 855 Colosossae
1492 823 1629 865 praedium
1650 825 1777 855 donatum
1799 825 1850 856 SS.
1876 826 2004 868 Deiparae
2026 826 2147 867 Scyllaeii
2168 828 2240 859 466.

1317 873 1442 907 Coloniae
1463 883 1623 916 pauperum,
1647 874 1778 906 Κολονίαι
1799 876 1856 906 τῶν
1877 877 2000 915 γυμνῶν,
2025 886 2054 910 ιι.
2076 878 2097 909 1.
2122 879 2149 909 in
2164 886 2229 920 agro
2244 879 2297 911 Ta-

1357 926 1426 956 renti
1447 925 1497 957 66.

1318 972 1484 1007 Colobrarus
1504 975 1632 1007 Nicolaus
1653 975 1724 1013 368,
1749 975 1821 1007 369.

1319 1024 1422 1063 Coloni,
1444 1025 1585 1067 πάροικοι,
1610 1026 1680 1064 139,
1706 1026 1778 1065 199,
1802 1026 1875 1065 201,
1899 1027 1972 1065 219,
1994 1026 2066 1060 220.

1319 1068 1463 1109 Colonnelli
1485 1077 1625 1115 transitus,
1647 1087 1677 1109 n.
1701 1078 1722 1110 l.
1747 1079 1773 1109 in
1795 1087 1861 1120 agro
1883 1078 2014 1117 Troiano,
2037 1079 2088 1110 21.

1320 1127 1494 1169 Coloprarius
1514 1128 1665 1161 Dominicus
1685 1138 1824 1171 possessor
1844 1131 1945 1173 praedii
1967 1131 1995 1163 in
2016 1139 2083 1173 agro
2104 1131 2211 1164 Briatici
2226 1132 2299 1164 449.

1320 1177 1519 1210 Colubrarium.
1544 1179 1579 1210 V.
1603 1178 1801 1212 Colobrarium.

1320 1229 1469 1262 Columbae
1479 1230 1641 1262 domesticae
1651 1235 1678 1262 et
1687 1232 1837 1271 silvestres,
1849 1231 2009 1277 περιστεραὶ
2020 1232 2117 1275 ἧμεραὶ
2129 1233 2177 1265 καὶ
2188 1233 2298 1277 ἄγριαι,

1360 1280 1473 1311 donatae
1495 1281 1521 1311 in
1544 1280 1642 1312 tabulis
1663 1282 1828 1322 nuptialibus
1849 1283 1921 1315 223.

1320 1329 1514 1362 columbarum
1536 1330 1642 1371 iugum,
1666 1328 1783 1372 κρημνὸς
1803 1332 1860 1363 τῶν
1880 1333 2066 1374 περιστερῶν,
2083 1342 2112 1364 ιι.
2136 1334 2156 1366 l.
2173 1335 2200 1365 in
2221 1333 2300 1366 Cala-

1363 1379 1436 1418 bria,
1463 1379 1533 1412 102.

1320 1430 1470 1464 Columbus
1491 1432 1619 1464 Nicolaus
1639 1441 1778 1474 possessor
1798 1434 1899 1474 praedii
1920 1434 1947 1466 in
1968 1442 2034 1475 agro
2056 1434 2181 1466 Crotonis
2203 1435 2275 1467 209.

1320 1500 1362 1506 —-
1382 1482 1517 1524 Rogerius
1538 1487 1559 1514 t.
1584 1482 1656 1515 207.

1321 1530 1468 1564 Columnae
1488 1533 1573 1572 rivus,
1597 1532 1749 1566 κωλώννὰς
1769 1532 1850 1576 ponz,
1876 1534 1947 1566 256.

1320 1583 1417 1615 Comes
1441 1584 1558 1616 Basilius
1578 1593 1716 1626 possessor
1737 1586 1839 1626 praedii
1860 1586 1885 1616 in
1907 1595 1975 1627 agro
1995 1586 2080 1618 Actae
2103 1586 2175 1618 426.

1319 1653 1360 1658 -
1382 1634 1480 1666 Consta
1501 1643 1641 1675 possessor
1660 1635 1732 1666 horti
1754 1636 1780 1666 iu
1801 1644 1867 1677 agro
1888 1637 2029 1667 Nicoterae
2051 1637 2130 1675 239,
2148 1638 2303 1670 258—Pe-

1362 1689 1421 1718 trus
1442 1685 1501 1716 eius
1522 1685 1593 1716 filius
1614 1694 1677 1716 cum
1701 1685 1832 1718 fratribus
1853 1686 1963 1724 Ioanne,
1987 1686 2127 1719 Tancredo
2147 1692 2175 1720 et
2195 1689 2306 1721 Nicolao

1361 1736 1448 1768 vendit
1467 1736 1611 1777 Angelicae
1632 1735 1741 1768 hortum
1761 1737 1789 1768 in
1809 1746 1875 1779 agro
1895 1738 2039 1770 Nicoterae
2059 1738 2142 1771 260:

1320 1804 1362 1810 —
1382 1785 1473 1818 Cortls
1493 1786 1535 1818 vel
1557 1786 1666 1825 Curiae,
1691 1785 1788 1826 Κόμης
1810 1786 1934 1831 Κόρης,
1954 1787 2054 1821 Petrus
2078 1789 2114 1821 11
2131 1807 2174 1814 --
2194 1789 2305 1822 Passuri

1363 1839 1586 1880 att—Byzantius
1607 1839 1854 1873 19—Eudocimus
1874 1840 2074 1873 22—10annes
2095 1841 2305 1875 24—Nieolaus

1361 1894 1389 1922 et
1408 1891 1560 1933 Stephanus
1580 1894 1611 1924 tt.
1637 1891 1690 1923 29.

1321 1960 1363 1966 —
1382 1943 1497 1975 Ioannes
1518 1946 1545 1974 et
1565 1942 1717 1975 Dominicus
1737 1946 1769 1976 tt.
1794 1943 1868 1976 259.

1321 2012 1364 2018 ——
1384 1993 1439 2025 Leo
1461 1994 1534 2026 425.
1558 1994 1592 2026 V.
1617 1994 1749 2035 Agattileo
1770 1995 1903 2029 Andreas.

1321 2064 1364 2070 -—
1384 2045 1496 2088 Sergius
1517 2045 1619 2079 Galbas
1638 2047 1779 2078 Nicoterae
1799 2050 1820 2079 t.
1844 2047 1917 2079 239.

1322 2094 1506 2128 comestabuli
1528 2097 1651 2128 Gulielmi
1672 2097 1811 2138 praedium
1834 2098 1862 2129 in
1882 2097 2008 2130 Calabria
2029 2098 2101 2131 386.

1323 2145 1533 2179 Comestabulus
1555 2147 1633 2188 nugo
1656 2150 1677 2178 t.
1701 2147 1773 2179 128.

1322 2214 1365 2220 -
1385 2195 1506 2236 Scyllacii
1527 2196 1674 2227 Riccardus
1694 2196 1767 2230 201.

1323 2245 1427 2277 Comite
1448 2246 1575 2286 (Basilius
1595 2246 1640 2287 de)
1662 2257 1688 2278 v.
1715 2247 1765 2278 76.

1323 2297 1441 2329 Comites
1462 2298 1627 2329 Arianenses
1652 2299 1701 2336 18,
1725 2298 1776 2331 21.

1323 2366 1365 2372 -
1385 2348 1525 2389 galearum
1544 2348 1625 2380 Mileti
1647 2348 1719 2381 220.

1323 2398 1435 2432 Comitis
1453 2399 1543 2431 Ursini
1563 2399 1635 2432 lilius
1655 2400 1771 2432 Basilius
1791 2401 1842 2433 55.
1868 2402 1902 2435 .V.
1919 2402 2110 2436 monasterium
2131 2404 2303 2446 cyr-Zosimi.

1323 2447 1505 2482 Comitoleone
1525 2450 1641 2490 (Niceta,
1665 2449 1815 2491 Calocyrus
1836 2452 1933 2494 aliique
1954 2453 2000 2495 de)
2013 2477 2021 2491 ,
2043 2453 2099 2486 Leo
2119 2456 2256 2488 Mauroleo
2277 2463 2304 2489 et

1364 2500 1458 2531 Nieeta
1478 2500 1511 2532 de
1533 2498 1610 2532 catto
1631 2501 1730 2533 donant
1750 2502 1879 2534 eeclesiae
1900 2502 1931 2536 S.
1956 2503 2059 2536 Nicolai
2072 2505 2106 2537 de
2120 2505 2212 2538 Colina
2226 2516 2303 2548 prae-

1364 2558 1409 2590 dia
1429 2559 1456 2591 iu
1477 2568 1543 2601 agro
1562 2559 1647 2601 otgili
1671 2561 1741 2593 ¹48.

1324 2608 1505 2643 commendati
1526 2613 1758 2651 monasleriorum,
1782 2614 1911 2654 advenae,
1933 2615 2012 2656 ξένοι,
2028 2615 2127 2656 δ’ἓὶνιοι,
2139 2618 2205 2659 ξένοι
2220 2619 2303 2652 ἄκον-

1365 2662 1561 2703 μάνδιῡὸμινοι,
1585 2665 1616 2703 3,
1642 2666 1694 2704 7-1»,
1719 2666 1769 2705 78,
1792 2667 1864 2707 531,
1888 2671 1916 2700 οἱ
1935 2677 2008 2711 seq„
2031 2669 2091 2701 539
2105 2693 2113 2708 ,
2132 2671 2203 2708 546,
2227 2672 2300 2710 558,

1365 2714 1438 2747 559.
1463 2713 1498 2745 V.
1520 2715 1623 2747 Ndsaoi
1642 2716 1693 2748 8¹.

1324 2764 1533 2803 commercium,
1555 2765 1688 2799 tributum
1709 2775 1726 2798 a
1748 2767 1942 2802 mercatoribus
1962 2768 2091 2806 debitum.
2116 2770 2167 2803 21.

1323 2814 1475 2848 comnenus
1496 2816 1622 2849 Alexius.
1646 2817 1679 2850 V.
1703 2818 1827 2851 Alexius.

1324 2866 1462 2899 Comuiani
1482 2870 1590 2907 mentio,
1613 2869 1703 2901 forsan
1725 2869 1906 2909 conuentum,
1931 2871 2074 2904 Calabriae
2095 2874 2182 2916 oppidi
2204 2874 2276 2907 558.

1323 2917 1572 2960 comperendinatio
1593 2920 1665 2953 412.

1323 2969 1477 3012 composta,
1500 2970 1630 3011 Calanna,
1653 2973 1781 3005 Nicolaus
1801 2977 1828 3005 et
1848 2973 1933 3005 Maria
1955 2974 2071 3008 vendunt
2093 2976 2200 3009 cuidam
2216 2976 2308 3008 loanni

1364 3023 1466 3055 vineam
1489 3023 1601 3064 positam
1622 3024 1656 3056 ad
1677 3024 1709 3059 S.
1733 3023 1941 3058 Constantinum
1963 3027 2033 3059 541.
