2652 3762
2206 390 2242 418 ΧΙ

310 486 331 514 a
361 474 519 514 Graecis
548 484 617 524 per
644 474 915 524 proditionem,
946 483 1032 512 cum
1061 473 1109 512 de
1129 472 1271 521 nuptiis
1291 472 1390 510 iuter
1410 482 1520 511 suum
1541 471 1674 520 lilium,
1697 475 1734 510 et
1753 470 2040 520 'l'beopbaniam
2062 468 2199 508 Gracci
2222 469 2291 506 lm-

310 538 503 587 peratoris
531 538 646 577 tiliam
676 541 885 587 ageretur,
927 537 1029 576 misit
1056 539 1131 576 buc
1160 537 1420 575 Guattberium
1449 541 1488 576 et
1517 536 1752 586 Sigibertum
1780 536 1871 574 belli
1900 537 2033 576 duces,
2056 535 2291 574 Graecorum

307 599 434 649 copiis
462 599 499 638 in
529 599 687 638 insidias
715 599 935 647 pertractis,
966 603 1005 638 et
1032 599 1172 648 partim
1200 597 1416 648 trucidatis,
1447 599 1585 647 partim
1613 601 1702 647 post
1730 600 1927 635 truncatas
1947 597 1995 635 ad
2015 595 2287 636 contumeliam

308 670 422 700 nares
451 659 824 707 Constantinopolim
853 659 1024 699 dimissis
1042 689 1052 709 ‚
1085 659 1221 708 Apulia
1249 662 1288 697 et
1315 659 1492 697 Calabria
1521 658 1739 698 Occidentis
1774 657 1937 707 lmperio
1966 657 2183 696 submissae
2212 656 2290 695 l‘uc-

308 727 412 773 runt,
442 726 481 762 et
508 721 666 760 Graecis
696 721 857 762 ltaliotis
885 723 1021 773 ingens
1049 724 1270 772 impositum
1300 726 1360 760 est
1387 723 1586 760 tributum.
1619 722 1695 760 Sed
1724 731 1823 760 anno
1844 720 1918 759 979
1949 719 2114 758 Basilius
2132 723 2171 758 et
2190 720 2287 758 Con-

308 784 499 825 stantinus
526 782 662 821 Graeci
691 782 949 832 Imperatores
978 789 1089 834 turpe
1118 784 1191 822 rati
1221 793 1263 822 sc
1292 787 1420 821 vetere
1444 786 1500 821 tot
1519 793 1705 822 annorum
1733 783 1894 832 Apuliae
1914 786 1952 821 ct
1972 781 2174 820 Calabriae
2201 790 2289 829 pos—

306 847 481 887 sessione
509 845 699 896 dcicctos,
729 847 935 887 Saracenis
954 878 964 898 ,
995 858 1093 896 quos
1121 857 1244 896 nuper
1271 847 1383 885 Creta
1413 850 1651 895 exegerant,
1681 857 1820 895 magua
1847 846 2028 886 mercede
2057 845 2259 884 conductis
2278 874 2288 893 ,

305 907 453 948 ltaliam
481 906 717 959 invaserunt,
747 915 786 950 et
814 910 927 950 Bario
947 923 993 950 ac
1013 911 1156 949 Matcra
1188 911 1349 949 urbibus
1378 910 1621 959 expugnatis,
1652 910 1826 958 Apuliam
1855 911 2035 960 primum,
2066 909 2206 948 deinde
2226 919 2288 947 ne-

302 968 403 1007 mine
431 969 662 1018 probibente
690 971 906 1011 Calabriam
935 977 1180 1022 receperunt,
1210 982 1316 1010 arma
1346 972 1498 1020 longius
1527 972 1640 1009 etiam
1671 972 1899 1021 promoturi,
1930 972 2002 1010 nisi
2022 971 2078 1010 vis
2106 970 2230 1009 maior
2251 980 2288 1008 a·

299 1031 405 1081 liqua
435 1032 667 1074 obstitisset.
701 1035 858 1074 Obstitit
885 1036 1040 1084 quidem
1069 1038 1168 1075 alter
1196 1037 1310 1086 Ollio,
1341 1037 1404 1084 qui
1435 1046 1456 1074 e
1485 1036 1687 1074 Germania
1718 1047 1802 1075 cum
1832 1036 2004 1074 exercitu
2029 1036 2103 1074 huc
2130 1036 2285 1075 advola·

299 1094 375 1145 vit3
406 1094 476 1134 sed
504 1094 614 1135 rusus
641 1100 681 1136 et
707 1097 862 1147 rugatus
892 1099 950 1137 vix
979 1100 1144 1137 natando
1174 1100 1286 1137 vitam
1315 1099 1492 1137 servavit.
1525 1099 1627 1138 Satis
1656 1102 1808 1138 constat
1836 1099 1933 1136 lianc
1961 1097 2111 1136 cladem
2140 1101 2285 1138 tantam

297 1155 437 1208 ruisse,
466 1161 511 1197 ut
537 1159 570 1198 si
600 1159 736 1199 Graeci
767 1161 942 1209 protinus
970 1161 1058 1200 inde
1087 1162 1124 1200 in
1154 1163 1340 1210 reliquam
1373 1162 1517 1201 ltaliam
1547 1162 1757 1201 exercitum
1786 1161 2058 1211 adduxissent,
2089 1171 2173 1200 eam
2203 1162 2285 1200 uni-

298 1228 466 1269 versam,
488 1224 529 1259 ut
546 1220 600 1259 ait
621 1219 803 1270 Sigonius
821 1222 893 1272 (1),
916 1223 1017 1261 baud
1038 1233 1177 1272 magno
1196 1224 1403 1262 admodum
1424 1223 1578 1272 negotio
1598 1224 1635 1262 in
1656 1227 1885 1273 potestatem
1904 1222 2045 1262 fuerint
2063 1222 2283 1261 adducturi.

401 1279 477 1319 lam
506 1290 597 1321 vcro
625 1281 659 1321 sl
687 1283 868 1332 regiones
897 1284 987 1323 illae
1015 1285 1173 1323 saeculo
1201 1285 1351 1323 decimo
1380 1295 1454 1324 non
1483 1286 1600 1333 longo
1629 1286 1815 1335 temporis
1844 1284 2045 1324 intervallo
2067 1283 2285 1323 Occidentis

296 1341 464 1392 imperto
493 1348 718 1394 paruerunt,
740 1349 779 1384 et
799 1345 985 1385 Graecum
1014 1348 1154 1386 deiude
1184 1348 1385 1397 lmperium
1416 1349 1516 1398 apud
1537 1348 1738 1387 castutius
1762 1350 2017 1397 propagatum
2036 1350 2110 1396 est,
2133 1346 2286 1385 cuinam

297 1406 521 1455 ambiguum
551 1417 640 1447 esse
668 1412 812 1459 potest,
842 1409 934 1458 quin
965 1411 1017 1449 ibi
1047 1411 1292 1450 Graccismus
1322 1412 1415 1451 nillil
1444 1411 1664 1450 detrimenti
1689 1412 1866 1460 ceperit,
1906 1410 2022 1450 immo
2050 1420 2097 1449 ex
2124 1408 2285 1459 ampliti-

296 1471 382 1506 cata
410 1468 614 1517 postmodo
652 1468 888 1509 Graecorum
927 1470 1212 1510 llloderatorum
1250 1476 1441 1521 potestate
1476 1473 1661 1510 maiorem
1699 1471 1782 1521 ipse
1810 1472 1884 1511 vim
1912 1475 1952 1510 et
1975 1471 2202 1521 dignitatem
2233 1469 2286 1509 sit

294 1529 487 1579 adeptus?
514 1529 563 1569 Et
588 1540 683 1570 sane
710 1542 781 1582 per
807 1543 852 1571 ea
881 1537 1055 1583 tempora
1085 1535 1187 1583 apud
1217 1535 1402 1574 Calabros
1431 1535 1472 1574 S.
1505 1535 1612 1574 Nilus
1641 1535 1788 1574 Gracco
1817 1536 1973 1585 cloquio
1994 1545 2083 1575 sese
2103 1533 2283 1573 omnibus

293 1590 484 1641 probavit,
512 1591 772 1642 hymnumque
791 1593 840 1631 de
861 1592 901 1632 S.
925 1593 1120 1633 Benedicti
1149 1595 1342 1644 laudibus,
1364 1599 1402 1634 et
1421 1596 1606 1645 epistolas
1635 1606 1776 1644 graece
1805 1595 2052 1645 conscripsit,
2083 1604 2183 1643 quae
2208 1603 2284 1633 non

294 1653 572 1692 contemnenda
599 1653 744 1702 ingenii
773 1659 1024 1694 monumenta
1053 1657 1283 1704 pientissimi
1313 1657 1396 1696 eius
1426 1658 1660 1697 coenobitae
1681 1667 1817 1696 nomeu
1846 1656 2066 1706 posteritati
2092 1665 2282 1694 commen-

292 1713 451 1752 darunt.

395 1775 475 1816 Nec
502 1777 629 1817 minus
657 1778 895 1818 celebritatis
924 1780 1059 1819 eodem
1089 1791 1183 1820 aevo
1216 1781 1288 1819 sibi
1328 1782 1480 1830 peperit
1510 1782 1669 1821 loannes
1699 1782 1950 1830 Pliilagatlius
1972 1810 1982 1830 ‚
2018 1781 2079 1819 cui
2116 1780 2279 1820 Rossani

292 1836 393 1887 apud
422 1837 608 1878 Calabros
636 1849 683 1877 cx
710 1840 876 1878 obscura
904 1842 1024 1889 stirpe
1054 1846 1241 1890 prognato
1271 1852 1344 1881 non
1376 1843 1531 1891 vulgare
1561 1843 1771 1892 ingenium,
1802 1851 2109 1891 graecarumquc
2137 1842 2281 1880 littera-

293 1909 378 1938 rum
406 1900 578 1949 cognitio
606 1901 654 1939 ad
683 1901 852 1941 bonores
880 1903 1140 1951 amplissimos
1170 1904 1244 1942 iter
1271 1905 1528 1943 muniverunt.
1561 1905 1693 1954 Legati
1721 1907 1769 1944 ad
1790 1906 1978 1945 Graccum
2006 1905 2281 1955 lmperatorem

295 1960 422 1999 munia
450 1960 679 2000 demandata
707 1961 742 2000 ei
772 1961 939 2012 luerunt3
973 1974 1103 2002 verum
1131 1964 1219 2003 hinc
1247 1974 1360 2003 nemo
1388 1968 1529 2014 arguat
1556 1976 1642 2004 eum
1672 1970 1816 2005 tantum
1838 1967 1952 2006 modo
1971 1967 2103 2015 graeci
2131 1977 2278 2006 sermo-

293 2021 353 2063 nis
379 2022 555 2072 novisse,
585 2027 768 2073 quantum
797 2034 940 2073 graeco
969 2025 1169 2073 interpreti
1197 2026 1292 2065 satis
1321 2031 1450 2075 esset,
1481 2028 1697 2067 cuiusmodi
1725 2028 1880 2067 l'uerunt
1907 2029 2085 2076 plerique
2114 2038 2248 2067 eorum
2268 2058 2279 2078 ,

291 2092 391 2131 quos
419 2082 661 2132 Gradeaigus
676 2084 733 2135 (2)
754 2085 962 2134 recensuit,
976 2090 1017 2124 ut
1035 2086 1205 2125 italicum
1225 2088 1308 2125 aevi
1330 2087 1537 2127 deterioris
1558 2088 1820 2128 Graecismnm
1848 2090 2064 2140 adsereret3
2097 2092 2281 2138 quamob-

291 2156 372 2185 rem
393 2157 479 2185 eum
499 2148 637 2186 salsum
660 2158 748 2186 esse
768 2158 841 2187 non
862 2149 1001 2188 iniuria
1024 2150 1244 2189 Selloellius
1264 2150 1320 2199 (3)
1340 2153 1496 2190 notarit.
1530 2152 1779 2201 l‘liilagatbus
1801 2163 1874 2192 non
1895 2154 2187 2204 lingua-solum,
2210 2156 2280 2194 sed

289 2208 504 2259 disciplinis
531 2219 688 2259 quoque
715 2211 970 2260 graecanicis,
995 2217 1179 2260 ‹pumtuui
1200 2223 1245 2251 ea
1267 2217 1439 2261 tempora
1468 2213 1657 2262 serebant,
1689 2215 1900 2254 instructus
1921 2220 2018 2266 erat,
2040 2226 2117 2264 quo
2138 2217 2280 2255 doctri-

288 2281 359 2311 nae
387 2274 575 2321 apparatu
604 2270 746 2311 tactum
775 2276 848 2322 est,
876 2277 917 2312 ut
948 2272 1190 2322 Principibus
1219 2274 1309 2312 viris
1339 2275 1373 2312 in
1404 2276 1490 2313 aula
1523 2279 1599 2314 tum
1631 2277 1811 2325 Orientis,
1846 2282 1923 2315 tum
1953 2278 2170 2317 Occidentis
2199 2278 2279 2327 pla-

287 2334 425 2384 cuerit,
455 2338 494 2374 ct.
521 2334 708 2384 dignitate
736 2336 901 2386 primum
928 2337 1089 2377 Abbatis
1119 2337 1389 2389 Nonautulaui,
1425 2339 1512 2378 dein
1543 2339 1723 2390 Episcopi
1755 2340 1961 2380 Placentini
1992 2341 2107 2381 suerit
2139 2341 2278 2380 conde-

285 2401 455 2438 coralus.

361 2920 409 2960 (1)
432 2922 475 2953 De
498 2921 603 2962 nequo
626 2922 743 2953 Italiae
765 2922 821 2953 tio.
851 2922 914 2958 Vll,
938 2931 1016 2961 pay.
1040 2922 1113 2953 43¹1.

363 2972 410 3010 (2)
433 2972 521 3003 Deua
544 2972 743 3004 benet-olum
763 2973 962 3004 Italo-Grec«
986 2973 1110 3004 Leuce-a
1131 2973 1165 3004 al
1189 2973 1343 3006 Continui
1367 2975 1503 3014 Quirini.

364 3022 411 3062 (3)
433 3023 571 3055 Histoire
591 3024 631 3055 <te
652 3024 686 3055 ta
707 3022 884 3056 titt-§mauro
905 3031 1043 3064 araeque
1063 3023 1212 3065 profane.
1239 3026 1322 3057 ’λἰιιιι.
1354 3027 1413 3063 ΠΙ,
1436 3036 1514 3067 pay.
1539 3029 1611 3065 27⁸,
1637 3038 1668 3060 n.
1697 3031 1724 3061 1.
