2560 3646
1261 378 1460 413 -623-

347 449 442 495 'rupim
463 449 536 482 251.
554 469 595 475 —-
612 451 687 483 Hanc
710 461 801 484 vocem
822 461 871 494 pro
891 450 1024 495 χωραίφια
1037 450 1163 491 scriptam
1183 453 1311 492 putamus
1324 473 1332 486 ,

390 502 503 544 ideoque
525 508 616 536 terras
636 503 716 536 latine
731 504 861 536 vertimus
881 513 944 535 cum
959 503 985 534 id
1002 501 1174 534 membranae
1192 505 1334 533 contextus

388 556 528 597 requirere
549 557 683 589 videatur.

348 605 445 638 Tarsia
466 615 494 638 n.
518 606 538 639 l.
562 607 587 638 in
609 616 675 648 agro
697 606 849 639 Colubrarii
871 605 943 643 319,
967 605 1038 638 320.

349 675 390 682 -—
410 658 489 690 Anna
510 658 598 690 vendit
619 658 705 690 Paulo
727 658 837 689 Fildern‘
858 657 999 700 praedium
1017 657 1045 688 in
1065 665 1132 699 agro
1153 656 1238 688 Aetas
1259 655 1333 689 462.

350 710 504 743 'tauriacus
525 710 604 751 lingo
629 710 697 742 180.

350 760 463 793 Taurini
483 761 559 793 collis
579 761 606 791 in
627 760 755 792 Calabria
776 760 827 792 89.

348 810 518 843 Tauroleone
539 810 718 853 (Nicephorus
739 810 784 852 de)
805 815 826 843 t.
849 810 900 843 34.

349 862 549 895 Tauromentus
570 863 698 896 Nicolaus
718 868 739 895 1.
764 863 814 895 31.

349 914 463 954 Τάξεωε
484 912 643 952 &niumm
665 916 695 948 ⁴.
722 916 755 948 V.
778 916 931 948 Domestici.

351 963 529 1005 Ταξιάρχης,
552 965 610 997 dux
632 966 752 997 militaris
773 966 910 1008 manipuli,
939 965 985 998 16.

352 1014 482 1055 Τελικόν,
505 1018 645 1059 praedium
666 1017 849 1055 tributarium,
873 1019 945 1050 467.

350 1068 492 1110 Teinptare
514 1068 546 1107 2,
570 1070 708 1112 temptatio
732 1069 780 1101 18.

351 1116 474 1153 Τηνῆδον
497 1120 567 1153 170.

350 1169 494 1203 Terchiras
515 1171 667 1204 Gulielmus
688 1175 710 1204 1.
735 1172 806 1205 176.

351 1221 503 1253 Terenzano
524 1222 567 1262 (S.
593 1223 679 1255 Maria
700 1224 755 1264 de).
781 1223 814 1256 V.
838 1223 968 1256 Ecclesia.

352 1270 448 1302 Terioli
471 1276 542 1303 terra
563 1273 590 1303 in
611 1273 736 1305 Calabria
758 1273 830 1305 366.

353 1319 485 1361 Τερμὸνα”
498 1321 551 1360 56,
575 1326 603 1354 et
621 1323 759 1365 τερμόνιον
779 1325 853 1363 354,
875 1326 1016 1359 terminus.

352 1369 431 1402 'serni
453 1372 574 1411 (Michael
595 1373 641 1415 de)
661 1377 680 1407 t.
710 1375 762 1408 97.

350 1420 466 1454 Terrata
487 1424 658 1464 (Theodorus
678 1426 722 1467 de)
743 1426 881 1469 presbyter
901 1430 1024 1462 notarius
1047 1430 1116 1462 133.

350 1472 520 1507 Terratieum
542 1478 573 1508 4.

351 1523 550 1557 Terravidande
571 1526 689 1560 Thomas
712 1533 734 1562 t.
759 1529 832 1562 208.

351 1572 496 1616 Τερρέριοι,
519 1578 637 1616 terrarii,
663 1579 732 1617 184,
759 1581 830 1612 185.

352 1623 459 1655 Terrnn
479 1625 627 1666 (Rohertus
647 1628 692 1669 de)
712 1638 775 1660 eum
797 1639 883 1662 uxore
903 1635 932 1663 et
951 1631 1014 1664 tiliis
1026 1632 1109 1665 donat
1121 1631 1248 1665 nonnulla
1262 1642 1340 1675 prae-

392 1676 438 1707 dia
458 1679 621 1710 monasterio
643 1678 674 1711 S.
698 1680 824 1722 Stephani
846 1683 880 1713 de
902 1682 1018 1715 Nemore
1042 1683 1111 1722 198,
1131 1684 1203 1717 199.
1218 1702 1260 1708 -
1275 1685 1340 1717 l’er·

394 1731 482 1759 mutat
503 1729 639 1770 praedium
653 1740 716 1763 cum
733 1731 830 1765 Basilio
844 1733 947 1766 Madari
961 1739 989 1767 et
1003 1734 1093 1769 [aeone
1107 1734 1249 1769 Banathari
1265 1736 1338 1770 201.

354 1779 585 1819 Τεσσαραίκοντα.
610 1782 644 1814 V.
669 1782 834 1826 Σαρακᾶρι.

354 1828 526 1860 Testamenta
549 1831 619 1870 170,
638 1833 708 1871 191,
725 1833 798 1872 252,
815 1834 888 1874 306,
905 1835 976 1874 333,
992 1836 1066 1875 376,
1083 1837 1157 1875 427,
1174 1838 1247 1877 511,
1266 1838 1338 1870 551.

354 1879 495 1912 Thambus
517 1882 679 1924 Peregrinus
700 1888 722 1916 t.
744 1885 817 1918 423.

355 1930 436 1964 Θανῆ
458 1940 506 1972 pro
527 1932 657 1967 salvans
677 1934 730 1967 97.

357 1978 503 2012 'theatinus
524 1982 642 2015 lacobus
663 1989 685 2016 t.
709 1985 782 2018 429.

357 2030 474 2063 Tlielace
495 2041 525 2064 n.
547 2033 567 2065 l.
590 2035 616 2065 in
638 2034 766 2068 Calabria
789 2038 859 2070 114.

357 2080 472 2120 Thema,
495 2082 586 2123 θέμα,
610 2086 752 2120 Calabriae
774 2089 827 2128 57,
851 2090 945 2123 Italiae
968 2093 1019 2131 11,
1042 2093 1246 2136 langobardiae
1260 2094 1299 2127 25
1314 2098 1341 2127 et

398 2133 474 2165 alibi.
487 2135 677 2169 -Thematis
696 2138 861 2172 domesticus
882 2141 1020 2174 Maraldus
1044 2143 1092 2176 18.

358 2184 503 2216 'theoctisti
523 2186 571 2218 filii
593 2197 636 2220 vv.
661 2189 712 2221 77.

357 2234 485 2277 Theogno
507 2237 585 2268 vidua
605 2239 727 2281 Gregorii
749 2241 920 2275 Trasimundi
941 2245 1022 2276 donat
1045 2249 1202 2280 monasterio
1215 2247 1246 2279 S.
1265 2248 1341 2281 loan-

399 2287 440 2318 nis
462 2287 496 2318 de
517 2288 625 2322 Calreto
646 2292 773 2324 nonnulla
793 2294 902 2335 praedia
925 2295 995 2327 129.

359 2338 511 2371 'l'heodinus
533 2339 709 2382 Praepositus
722 2342 760 2375 ·S.
783 2344 917 2378 Benedicti
939 2347 968 2377 3.

359 2389 490 2422 Theodori
511 2392 644 2431 (Ecclesia
664 2394 721 2435 S.).
746 2395 779 2429 V.
803 2396 932 2429 Ecclesia.

358 2456 399 2464 —
419 2441 618 2479 (Monnsterium
638 2443 684 2486 S.)
706 2445 740 2478 V.
763 2447 877 2480 Monast.

360 2490 517 2524 Theodorus
538 2493 715 2528 mesimerius.
739 2496 773 2528 V.
798 2491 945 2541 Episcopus
966 2499 1151 2540 Scy-itacensis.

361 2559 401 2566 —
422 2545 541 2575 notarius
562 2549 589 2576 et
609 2546 760 2580 tabularius
781 2548 959 2583 Acherontiae
981 2550 1054 2590 327,
1078 2552 1150 2585 358.

360 2610 401 2616 —-
423 2593 609 2637 Palaeologus.
634 2597 669 2630 V.
694 2597 883 2641 PalaeologuS.

361 2662 401 2668 -
422 2644 658 2688 protospatharius
681 2650 730 2682 18.

362 2694 508 2728 Theodosio
530 2698 654 2738 (Basilius
674 2699 718 2741 de)
739 2705 760 2732 t.
787 2701 856 2733 136.

362 2745 530 2779 Theodosius
549 2749 688 2791 episcopus
709 2750 845 2794 Callipolis
867 2754 938 2786 517.

362 2797 500 2830 Theodota
519 2799 573 2831 tilia
594 2800 742 2834 Gannadei.
765 2803 892 2840 Quaestio
911 2806 981 2838 inter
994 2816 1054 2839 eam
1069 2816 1100 2839 ae
1122 2808 1258 2841 Simonem
1272 2810 1343 2842 eius-

402 2859 454 2891 que
468 2850 564 2883 tratres
578 2852 613 2884 de
626 2854 792 2894 possessione
803 2854 946 2890 Pillicciani
960 2858 986 2890 in
1000 2858 1126 2892 Calabria
1141 2868 1157 2892 a
1171 2859 1274 2894 Comite
1289 2861 1342 2894 lto-

404 2902 477 2942 gerio
497 2902 604 2936 definita
626 2905 676 2936 72.

363 2952 538 2996 Theophanes
559 2956 695 2997 presbyter
716 2962 743 2990 et
763 2958 916 2991 tabularius
939 2962 1008 2994 171.

364 3005 551 3046 Theophanios
572 3008 709 3050 presbyter
731 3012 851 3044 notarius
873 3013 924 3046 80.

1376 446 1552 490 Theophorus
1571 448 1672 486 scriba,
1695 449 1848 490 presbyter,
1863 449 2062 483 secundicerius
2083 452 2111 482 et
2124 449 2275 482 tabularius
2289 449 2359 482 Cro-

1464 501 1469 507 ’
1549 500 1578 531 6.

1377 500 1590 593 Τὶιέᾝξγὲιῗιυε
1610 551 1749 584 Chimaria
1762 553 1904 585 Hebraeus
1914 555 2008 585 emita
2024 554 2111 587 Leone
2126 554 2268 586 Tarentino
2283 562 2361 595 praes

1417 604 1459 635 dia
1482 604 1591 636 vinealia
1612 605 1697 646 posita
1718 605 1770 636 sub
1793 605 1890 637 Rascla
1913 606 1966 644 29,
1991 607 2041 638 36.

1377 654 1590 696 Theophylactus
1611 655 1731 686 medicus
1753 655 1834 696 Regis
1856 656 1962 697 Rogerii
1985 658 2079 699 accipit
2105 658 2209 690 vineam
2230 667 2246 689 a
2268 665 2362 690 mona-

1418 707 1499 739 sterio
1520 707 1552 739 S.
1576 706 1649 738 Petri
1671 707 1819 749 imperialis
1841 708 1893 739 sub
1915 717 2005 740 annua
2025 711 2203 751 praestatione
2227 710 2295 743 186.

1329 749 1332 752 ’
1379 777 1415 784 -
1437 758 1565 790 Nicolaus
1586 767 1726 799 possessor
1746 758 1845 800 praedii
1867 760 1893 791 in
1915 768 1981 801 agro
2004 760 2111 792 Olettae
2135 761 2204 793 113.

1376 829 1418 835 -
1439 813 1585 852 protopapa
1605 809 1636 841 S.
1661 808 1748 849 Cyrici
1769 811 1891 843 notarius
1913 811 1964 843 50.
2097 843 2099 846 Α

1378 861 1533 903 Theoprepo
1554 860 1693 902 (Nicolaus
1714 860 1760 901 de)
1782 864 1803 892 t.
1827 860 1899 892 425.
1926 861 2022 902 Rhegii
2042 863 2164 892 notarius
2187 861 2245 893 486
2258 886 2265 898 ,
2289 862 2362 895 488.

1377 912 1536 955 Θιόρπρον,
1559 913 1659 945 donum
1681 913 1810 954 nuptiale,
1832 913 1884 950 80,
1907 914 1981 950 487,
2006 913 2080 950 493,
2104 912 2175 950 531,
2199 917 2226 944 et
2247 914 2320 945 alibi.

1378 963 1586 1007 Θωστὲριιτοσ,
1609 965 1756 1007 piissimus,
1782 964 1833 996 15.

1378 1017 1515 1060 Thepente
1535 1017 1728 1050 Constantinus
1748 1016 1819 1048 tilius
1839 1016 1936 1048 Leonis
1956 1017 2100 1059 Strategus
2122 1017 2228 1049 Olettae
2251 1017 2322 1062 214..

1379 1089 1420 1094 —
1441 1070 1590 1102 Gulielmus
1612 1069 1765 1111 Catapanus
1786 1068 1891 1102 Olettae
1912 1068 1984 1100 251.

1379 1141 1420 1146 -
1441 1122 1496 1154 Leo
1516 1122 1644 1163 magister
1665 1121 1770 1154 Olettae
1794 1122 1865 1160 170,
1889 1121 1962 1160 215,
1986 1120 2058 1153 216.

1381 1189 1421 1200 —-
1441 1174 1569 1206 Nicotaus
1590 1182 1728 1216 possessor
1749 1173 1849 1215 praedii
1871 1175 1897 1206 in
1920 1183 1986 1216 agro
2008 1173 2113 1207 Olettae
2134 1173 2206 1206 212.

1380 1227 1482 1269 Thepet
1502 1227 1572 1259 luda
1591 1235 1731 1268 possessor
1751 1226 1853 1268 praedii
1874 1228 1900 1258 in
1922 1235 1988 1269 agro
2011 1227 2136 1260 Panormi
2159 1226 2234 1259 219.

1380 1278 1506 1310 Theristo
1527 1277 1568 1317 (S.
1594 1277 1709 1309 loannes
1731 1277 1776 1317 de)
1798 1277 1871 1310 247.

1381 1329 1485 1361 Thema
1505 1328 1632 1369 (loannes
1652 1327 1697 1368 de)
1718 1328 1858 1369 presbyter
1878 1331 1899 1359 t.
1924 1328 1976 1359 96.

1380 1380 1499 1412 Thomas
1521 1379 1643 1411 notarius
1664 1377 1818 1410 Colubrarii
1845 1379 1912 1411 123.

1382 1431 1514 1462 Thraciae
1535 1429 1681 1471 strategus
1703 1429 1899 1470 Sympathicius
1921 1429 1952 1460 2.

1382 1480 1561 1512 Thrumarchi
1583 1480 1613 1512 3.
1638 1480 1672 1511 V.
1697 1480 1894 1511 Turmarchae.

1383 1531 1506 1570 'hydr-n,
1529 1535 1649 1572 sartago,
1675 1531 1726 1568 78,
1750 1535 1777 1562 et
1797 1530 1871 1562 alibi.

1383 1584 1477 1625 Tigani
1498 1583 1677 1625 (Nicephorus
1697 1583 1742 1624 de)
1763 1593 1790 1615 v.
1817 1583 1888 1615 185.
1902 1583 2069 1616 -toaunes
2090 1595 2115 1619 v.
2142 1584 2214 1618 456.

1382 1652 1423 1657 —
1443 1633 1545 1665 Nicolai
1568 1634 1688 1674 aporium
1709 1634 1736 1664 in
1758 1642 1824 1675 agro
1846 1634 1929 1666 Actae
1951 1634 2021 1666 545.

1383 1686 1525 1727 Tiganissa
1546 1684 1674 1716 Monaclia
1695 1695 1722 1716 v.
1749 1685 1819 1716 185.

1383 1737 1577 1769 Timuscattina
1599 1737 1756 1768 Theodorus
1778 1746 1804 1767 v.
1830 1736 1901 1768 560.

1385 1791 1490 1819 Tmrm
1512 1788 1648 1827 (Nicolans
1668 1787 1725 1827 de),
1747 1787 1846 1826 Nihilo,
1870 1796 2008 1829 possessor
2030 1789 2130 1830 praedii
2152 1790 2179 1822 in
2200 1798 2267 1832 agro
2289 1791 2364 1824 Olet-

1424 1842 1468 1871 tae
1493 1839 1563 1871 137.

1385 1889 1487 1921 Tit-illia
1510 1890 1629 1920 Adanius
1652 1894 1672 1921 t.
1699 1890 1770 1921 117.

1385 1960 1424 1965 -
1444 1941 1593 1974 Guilelmus
1607 1945 1634 1972 et
1651 1941 1782 1982 augerius
1796 1941 1893 1973 donant
1903 1942 2032 1973 ecclesiae
2044 1941 2074 1974 S.
2084 1943 2184 1975 Mariae
2199 1948 2226 1977 et
2240 1944 2271 1975 S.
2290 1945 2367 1976 Ioan-

1425 1993 1466 2023 nis
1480 1991 1613 2032 Baptistae
1635 1992 1743 2032 praedia
1763 2000 1844 2033 prope
1857 1991 1957 2023 flumen
1978 1992 2093 2034 Nigrum
2111 1993 2178 2025 116.
2192 1995 2368 2036 —Atrulina

1435 2051 1511 2073 soror
1532 2043 1729 2083 praedictorum
1753 2042 1824 2073 117.

1383 2091 1503 2123 Tohinus
1523 2091 1666 2132 Strategus
1687 2091 1781 2132 Oppidi
1801 2092 1873 2124 298.

1383 2144 1489 2175 Toccus
1509 2143 1642 2184 Rogerius
1664 2147 1684 2175 1.
1708 2143 1780 2176 251.

1384 2195 1478 2227 Todari
1500 2199 1521 2226 t.
1548 2195 1615 2226 136.

1384 2246 1546 2278 'roiumerus
1567 2246 1720 2279 Guilelmus
1741 2250 1761 2278 t.
1788 2247 1857 2278 148.

1385 2296 1472 2327 Toron
1492 2295 1654 2338 χωραφιαῖοι
1676 2306 1723 2338 pro
1744 2297 1875 2338 χωροίφια
1899 2299 1948 2335 Μ,
1973 2297 2012 2330 25
2035 2302 2062 2329 el.
2084 2300 2158 2331 alibi.

1383 2348 1547 2388 Topoterita.
1573 2347 1605 2377 V.
1631 2348 1822 2379 Lociservator.

1385 2397 1487 2430 Turbes
1509 2398 1667 2430 Theodorus
1688 2409 1713 2429 v.
1739 2399 1810 2430 558.

1385 2449 1548 2490 Torelupum
1571 2458 1598 2481 n.
1625 2450 1644 2481 1.
1669 2450 1695 2480 in
1718 2458 1784 2491 agro
1805 2449 1903 2481 Troiae
1926 2451 1975 2480 19.

1386 2501 1551 2533 'l'ormarcha
1572 2501 1687 2532 loannes
1708 2506 1729 2532 t.
1753 2500 1802 2531 31.

1386 2552 1592 2583 Tornafrantzae
1614 2553 1751 2593 praedium
1772 2553 1799 2583 in
1821 2560 1887 2593 agro
1908 2550 2008 2583 Catacii
2031 2553 2103 2584 476.

1385 2603 1517 2635 Tornator
1539 2603 1664 2635 Nicolaus
1685 2612 1710 2634 v.
1738 2603 1806 2634 183.

1386 2655 1524 2686 'sornicius
1546 2653 1686 2686 Contoleo.
1711 2653 1745 2684 V.
1771 2652 1910 2694 Catapani.

1385 2705 1531 2737 Tornodori
1553 2704 1651 2736 Comes
1672 2704 1788 2736 Carolus
1809 2704 1881 2736 491.

1386 2756 1467 2788 'forto
1488 2755 1554 2796 (Leo
1575 2755 1618 2795 de)
1640 2755 1779 2798 presbyter
1800 2764 1824 2786 v.
1849 2755 1922 2788 558.

1386 2807 1544 2840 Totubouus
1564 2806 1676 2839 Michaei
1691 2807 1803 2847 eiusque
1819 2807 1901 2837 irater
1916 2805 2028 2839 loannes
2044 2806 2143 2840 donant
2156 2808 2295 2849 praedium
2311 2818 2367 2841 nio-

1426 2859 1540 2890 nasterio
1562 2858 1593 2889 S.
1619 2858 1720 2888 Nicolai
1741 2858 1773 2888 de
1796 2856 1888 2889 Cosina
1910 2857 1982 2890 316.

1387 2909 1578 2949 Τουβᾶίλλιαι,
1603 2909 1739 2946 tubaniae,
1762 2909 1834 2946 487,
1860 2908 1930 2940 532.

1385 2963 1566 3002 Τουβαίλλον,
1590 2962 1643 2993 tela
1665 2961 1744 2998 linea,
1769 2961 1840 2992 494.

1387 3014 1526 3055 Τουρνοῦν,
1550 3013 1714 3050 diiudicare,
1739 3011 1811 3045 225.
