2560 3646
1169 334 1370 370 -610-

299 404 334 435 de
357 402 523 435 Cancellario
545 400 615 432 315.
641 399 676 431 V.
700 400 815 432 Monast.

342 454 418 485 Mons
439 450 599 492 Pelegrinus
621 449 693 482 288.

339 502 491 535 Mulchasen
512 501 637 533 Panormi
658 501 732 533 487.

337 553 470 585 Locorum
491 552 608 584 nomina:
632 551 744 584 Boieum
761 577 769 591 ,
792 550 930 594 Bulclmps
946 577 954 591 ,
991 551 1100 593 Ghagar
1122 550 1242 592 Elgurap

298 603 368 641 156,
381 601 599 635 Charlteltzeteta
609 603 681 642 315,
692 603 800 645 Elegzel
817 602 887 641 156,
900 603 986 635 Maria
1000 601 1073 640 218,
1085 601 1159 641 250,
1171 602 1239 633 Mar-

295 655 408 687 situlum
427 645 501 694 ¹288,
525 654 640 686 Minteue
662 663 734 697 aqua
758 654 829 693 156,
842 654 1002 696 Pelegrinus
1023 654 1097 692 287,
1122 653 1240 695 Pelegri-

295 717 348 739 nus
369 706 444 739 collis
466 705 539 744 288,
555 705 683 746 Phitalia,
706 705 824 747 Pyrizin,
842 704 961 738 Rachala
983 705 1114 744 Exames,
1129 704 1238 743 SumeS,

295 757 421 799 Zendupe
444 756 514 789 156.

337 807 473 840 Palatium
495 807 583 840 maius
603 806 676 840 250.
724 844 726 846 ,

336 860 450 892 Praedia
470 861 498 892 iu
518 868 586 902 agro
606 860 728 892 eiusdem
748 860 907 902 pertinentia
928 861 963 892 ad
989 859 1132 892 Abdesseit
1153 859 1239 891 Trau-

296 912 329 944 lis
352 908 527 953 288‚‘Aliph
549 910 623 950 219,
647 912 798 944 Ansaldum
819 911 892 949 250,
915 911 1059 943 Buncllum
1083 909 1153 948 156,
1177 908 1240 940 Cla-

296 973 358 996 rum
379 962 452 1002 250,
475 963 637 995 Monosteria
657 962 690 995 S.
715 963 824 995 loannis
844 962 1032 1003 Evangelistae
1053 960 1126 998 250,
1148 962 1176 992 et
1185 958 1237 991 SS.

294 1014 431 1047 Trinitatis
445 1014 479 1047 de
494 1012 660 1047 cancellario
681 1013 753 1051 315,
770 1013 934 1045 Pelecanum
948 1012 1021 1050 288,
1033 1011 1150 1053 Raptum
1164 1010 1237 1049 219,

295 1066 447 1108 Rheginum
463 1065 536 1104 250,
552 1065 703 1098 Romaeum
718 1064 791 1101 287,
808 1062 995 1105 Thepet2l9,
1011 1061 1149 1104 Tziphnim
1164 1060 1237 1098 219,

294 1120 392 1151 Zicrim
413 1117 486 1150 218.

334 1170 487 1210 Protopapa
508 1167 700 1200 Constantinus
721 1166 795 1204 250,
819 1165 892 1205 288,
916 1166 987 1198 315.

333 1218 418 1250 Rivus
438 1218 597 1250 Balatorum
620 1217 691 1256 156,

333 1270 485 1303 Tabularii:
502 1269 655 1311 >Calocyrus
677 1269 751 1308 219,
775 1269 848 1308 251,
873 1269 988 1301 loannes
1008 1268 1082 1306 288,
1104 1267 1175 1300 315.

334 1321 506 1353 Venditiones
515 1320 639 1353 conditae
650 1320 678 1352 in
688 1319 782 1352 eadem
794 1320 899 1353 civitate
913 1319 988 1357 218,
1000 1317 1073 1356 249,
1082 1317 1235 1356 287,315.

254 1372 450 1406 Pantaleemon
470 1371 529 1414 (S.)
550 1373 578 1404 iu
599 1381 665 1414 agro
686 1370 812 1404 Crotonis
831 1370 903 1403 401.

251 1423 468 1456 Pantaleemonis
489 1421 616 1464 (Cultura
638 1422 683 1463 S.)
703 1422 735 1453 ad
756 1422 950 1454 monasterium
971 1421 1002 1453 S.
1025 1419 1154 1462 Stephani
1177 1427 1238 1460 per-

294 1474 392 1513 tinens.
414 1472 563 1514 Descriptio
583 1473 644 1504 eius
675 1472 769 1503 linium
792 1471 863 1503 554.
878 1469 1019 1502 —Rivus
1038 1469 1070 1501 S.
1097 1468 1238 1500 Pantalee-

292 1514 378 1557 mofiis
399 1524 472 1556 555.
700 1544 703 1547 .

252 1575 418 1608 Pantaleone
439 1575 566 1615 (Ioannes
586 1574 632 1615 de)
654 1575 735 1606 iudex
758 1574 863 1606 Olettae
885 1574 958 1613 273,
983 1573 1056 1612 274,
1080 1572 1153 1604 275.

251 1627 417 1660 Pantauitzia
438 1626 464 1659 in
485 1634 553 1668 agro
574 1624 697 1658 Crotonis
719 1624 790 1656 206.

249 1681 403 1712 Pantanum
423 1687 452 1710 n.
477 1678 497 1710 Ι.
522 1677 595 1709 549.

248 1751 290 1756 -
310 1733 338 1763 in
355 1730 483 1764 Calabria
506 1730 578 1763 117.

248 1781 388 1814 Pantheus
408 1782 561 1824 praefectus
582 1779 634 1811 53.

250 1833 414 1876 Pupacaleca
436 1831 570 1874 Rogerius
591 1830 733 1872 strategus
755 1830 908 1861 Colubrarii
929 1829 1001 1861 312.

250 1887 341 1928 Papae
363 1885 460 1917 mentio
483 1884 552 1916 113.
566 1901 606 1906 -
621 1882 710 1924 Papae
733 1882 855 1913 Vicarius
876 1881 959 1912 Sar-so
981 1880 1155 1913 Cassanensis
1178 1882 1234 1922 epi-

293 1946 390 1979 scopus
412 1937 463 1969 86.

251 1989 367 2031 Papassy
390 1987 570 2019 subdiaconus
592 1992 612 2018 t.
638 1986 688 2017 59.

252 2039 393 2081 Papilliuui
414 2038 509 2070 Niceta
529 2041 557 2068 et
576 2036 709 2078 Rogerius
731 2036 825 2067 Ranus
847 2036 919 2068 411.
952 2035 986 2065 V.
1012 2034 1145 2065 Panormo
1167 2034 1233 2072 (Gu-

292 2090 398 2123 lielmus
419 2089 473 2129 de).

254 2143 330 2184 Papu
352 2151 382 2174 n.
405 2141 425 2173 l.
448 2141 475 2173 in
496 2149 563 2182 agro
584 2141 668 2172 Aetae
690 2138 761 2170 331.

253 2191 463 2234 Pappacarbune
484 2190 604 2232 Lupinus
626 2189 781 2230 Catapanus
803 2189 907 2221 Olettae
930 2189 1000 2221 216.

254 2242 375 2284 Pappato
395 2240 528 2283 (Angelus
548 2241 594 2280 de)
614 2245 636 2272 t.
660 2239 734 2277 273,
758 2239 830 2271 275.

254 2292 368 2324 Paralisi
389 2292 464 2323 vinea
485 2291 512 2322 in
532 2299 598 2332 agro
618 2290 777 2322 Seminarae
796 2290 870 2322 493.

252 2345 400 2385 Parapetro
421 2342 558 2384 (Nicolaus
579 2342 624 2382 de)
645 2346 667 2372 t.
691 2340 763 2373 300.

250 2394 454 2435 Paraponimius
474 2392 607 2424 Arcadius
628 2401 652 2422 v.
679 2392 749 2424 183.

251 2443 464 2486 Παραπόρτιον,
487 2452 570 2485 parva
590 2443 709 2481 portula,
733 2443 784 2481 66,
809 2444 861 2474 67.

251 2496 415 2527 Parasceves
436 2494 637 2534 (Monosterium
659 2495 704 2534 S.)
726 2494 780 2526 91.
803 2495 834 2525 V.
861 2494 974 2526 Monast.

251 2545 399 2576 Parasceve
420 2543 477 2585 (S.)
498 2544 531 2575 de
552 2545 621 2575 Aeta
642 2543 714 2575 431.

250 2613 292 2619 -
313 2596 347 2627 de
367 2595 472 2628 Galiato
493 2594 563 2627 337.

250 2647 333 2679 Pardi
353 2646 428 2678 collis
452 2646 521 2677 195.

253 2697 360 2728 Pardus
380 2697 444 2728 emit
466 2697 555 2727 vineas
577 2698 602 2727 in
625 2698 787 2737 pertinentiis
810 2698 840 2729 S.
866 2696 954 2736 Cyrici
975 2698 1045 2731 513.

254 2746 414 2788 Παριπινῖα
436 2748 507 2779 518.

256 2799 357 2829 Pareta
377 2808 405 2829 n.
433 2799 452 2830 l.
476 2809 557 2841 prope
579 2800 724 2832 Tarentum
749 2802 798 2832 66.

257 2847 354 2879 Paride
375 2847 520 2887 (Rohertus
541 2850 586 2890 de)
609 2855 629 2882 t.
654 2851 704 2882 87.
898 2891 901 2894 ¹

257 2898 345 2930 Parisi
366 2897 475 2930 Roberti
498 2900 603 2932 cultura
625 2902 650 2933 in
673 2910 738 2943 agro
761 2903 844 2934 Aetae
866 2903 937 2935 328.

255 2946 391 2990 Πάροικοι
416 2947 486 2986 139,
510 2948 583 2990 219,
608 2951 680 2991 220,
705 2951 776 2991 328,
801 2956 828 2986 et
850 2953 924 2986 alibi.

1285 401 1459 434 Partzollutza
1480 402 1607 434 Nicolaus
1630 411 1655 434 v.
1680 403 1732 441 85,
1756 402 1809 435 86.

1285 452 1389 485 Pascha
1410 454 1559 487 Gulielmus
1580 454 1658 487 Prior
1678 455 1710 487 S.
1733 455 1833 487 Mariae
1853 455 1888 487 de
1909 452 2080 495 ext-zosimo
2102 455 2173 488 542.

1285 504 1391 537 Pascha
1411 506 1561 539 Guilelmus
1582 511 1603 539 t.
1629 507 1702 539 223.

1286 554 1408 587 Paschali
1430 556 1546 596 (Gnidus
1568 557 1612 598 de)
1632 558 1703 590 filius
1725 558 1832 599 Georgii
1853 557 1935 590 donat
1950 557 2088 599 praedium
2104 553 2265 591 monasterio

1325 607 1356 640 S.
1381 609 1488 650 Georgii
1510 611 1582 642 157.

1283 678 1325 683 -
1346 659 1471 700 (loannes
1491 662 1535 700 de)
1557 663 1668 706 eiusque
1689 663 1760 696 filius
1782 663 1882 696 Petrus
1908 664 2010 696 donant
2033 661 2173 703 praedium
2195 660 2266 693 Con·

1324 713 1383 742 stae
1402 710 1445 742 de.
1457 711 1552 744 Rusito
1574 714 1646 745 234.

1283 781 1325 786 -
1344 756 1571 805 (διερὴέιηιιίᾱε)
1592 765 1791 797 siliusloannis
1812 774 1951 807 possessor
1971 765 2072 807 praedii
2089 766 2115 797 in
2130 772 2197 806 agro
2212 763 2265 795 Ta·

1323 815 1390 846 renti
1412 815 1464 847 52.

1284 865 1421 897 Paschalis
1443 865 1595 899 tabularius
1615 865 1750 908 Callipolis
1771 866 1920 899 521-527.

1282 934 1324 939 -
1344 916 1461 948 Basilius
1482 917 1556 949 428.

1283 967 1453 999 paschalium
1475 978 1504 1000 n.
1528 968 1548 1000 1.
1571 969 1598 1000 in
1617 977 1684 1011 agro
1706 969 1800 1001 Nohae
1822 969 1894 1001 203.

1283 1018 1421 1050 Pasimua.
1446 1018 1480 1050 V.
1505 1018 1612 1051 Phillia.
2050 1055 2052 1057 ,

1283 1069 1447 1103 Passavante
1467 1071 1593 1111 (loannes
1613 1071 1705 1104 'racha
1725 1072 1770 1113 de)
1791 1073 1912 1104 notarius
1932 1071 2049 1104 Satriani
2070 1072 2143 1105 369.

1283 1121 1383 1153 Passer
1404 1120 1502 1154 Comes
1523 1122 1623 1154 Curiae
1646 1123 1696 1161 18,
1710 1123 1770 1155 21.
1794 1123 1829 1155 V.
1852 1122 1949 1155 Comes
1969 1122 2081 1155 Curiae.

1283 1171 1412 1214 Pastapas
1433 1171 1555 1205 Andreas
1575 1177 1603 1205 et
1621 1173 1750 1206 Nicotaus
1770 1177 1804 1206 tt.
1827 1174 1899 1206 304.

1283 1222 1411 1256 Pastillus
1430 1223 1591 1256 Theodorus
1612 1228 1639 1256 et
1659 1224 1787 1257 Nicolaus
1808 1228 1840 1257 tt.
1864 1224 1935 1257 343.

1282 1271 1417 1315 Pastopus
1438 1273 1555 1305 Basilius
1575 1277 1598 1306 t.
1621 1273 1692 1305 363.

1283 1322 1432 1355 Patacones
1454 1331 1482 1355 n.
1505 1322 1527 1356 l.
1552 1324 1626 1356 551.

1282 1374 1385 1407 Patello
1406 1374 1545 1415 (Nicotaus
1565 1375 1611 1415 de)
1639 1376 1735 1418 aliique
1755 1368 1872 1409 vendunt
1896 1377 1977 1409 Leoni
2009 1378 2043 1410 de
2074 1377 2188 1410 Crinaro
2223 1377 2263 1408 vi-

1321 1435 1400 1458 neam
1420 1427 1447 1457 in
1468 1434 1536 1466 agro
1557 1426 1677 1459 Circlarii
1703 1426 1772 1459 131.
1799 1439 1801 1442 ⁴

1280 1477 1434 1510 Paternitae
1453 1486 1483 1510 n.
1506 1478 1526 1510 l.
1550 1477 1576 1509 in
1597 1486 1663 1520 agro
1685 1478 1793 1510 Biiatici
1814 1478 1886 1511 532.

1281 1527 1397 1559 Paterno
1417 1526 1552 1566 (Gulielmi
1575 1528 1619 1565 de)
1641 1528 1749 1561 seudum
1772 1528 1843 1560 298.

1280 1578 1437 1611 patibulum
1457 1588 1596 1621 magnum,
1619 1580 1675 1611 sive
1695 1588 1781 1622 poena
1804 1582 1909 1619 mortis,
1932 1581 1963 1612 3.

1279 1629 1438 1663 Patriarcha
1458 1632 1650 1663 oecumenicus
1671 1630 1785 1673 Sergius
1808 1632 1857 1664 15.
1882 1632 1915 1664 V.
1940 1632 2064 1674 sergius.

1280 1695 1320 1704 -
1341 1681 1530 1712 oecumenicus
1550 1681 1602 1713 suh
1623 1681 1702 1713 cuins
1729 1682 1890 1723 protectione
1920 1683 2029 1723 spuaxis
2060 1682 2213 1715 celebratur
2243 1691 2261 1714 a

1316 1731 1476 1762 monasterio
1497 1730 1529 1761 S.
1553 1730 1706 1762 Mariae'de
1727 1731 1896 1772 Csr-Zosimo
1916 1732 1968 1764 45.

1276 1779 1395 1818 Patrieii,
1418 1780 1566 1818 Marianus,
1588 1780 1713 1818 Michael,
1735 1780 1822 1821 Opus.
1848 1781 1882 1812 V.
1904 1782 2045 1822 Catapani.

1277 1828 1408 1861 Patricius
1430 1828 1577 1870 Calocyrus
1600 1830 1650 1862 18.

1275 1896 1316 1902 -
1337 1878 1464 1911 Nicolaus
1485 1879 1580 1921 accipit
1600 1888 1617 1911 a
1638 1879 1776 1912 Stratilato
1797 1881 1951 1922 speluncam
1973 1884 2005 1913 ut
2025 1881 2051 1912 in
2072 1890 2105 1912 ea
2127 1885 2259 1923 trapetum

1317 1933 1428 1960 extruat
1447 1928 1499 1961 62.

1278 1977 1365 2009 Patris
1386 1979 1587 2011 monasterium.
1613 1980 1645 2011 V.
1669 1980 1784 2012 Monast,
1809 1981 1841 2012 S.
1864 1981 1964 2013 Mariae
1986 1981 2174 2024 flodegetriae.

1277 2029 1354 2061 Pauli
1375 2034 1401 2062 et
1423 2030 1496 2062 Petri
1518 2033 1719 2064 monasterium.
1744 2026 1789 2064 V.
1802 2033 1915 2065 monast.
1940 2034 1971 2064 S.
1995 2033 2071 2066 Petri
2091 2034 2249 2077 imperialis.

1276 2081 1362 2113 Paulo
1383 2081 1494 2122 (Petrus
1514 2083 1557 2123 de)
1577 2083 1714 2125 presbyter
1734 2093 1873 2126 possessor
1892 2085 1992 2126 praedii
2018 2086 2088 2124 100.

1277 2130 1378 2163 Paulus
1400 2131 1455 2173 (S.)
1477 2133 1547 2174 apud
1570 2133 1727 2166 Francicam
1748 2134 1820 2166 262.

1275 2200 1316 2205 —
1339 2182 1365 2213 in
1386 2191 1453 2223 agro
1475 2183 1568 2215 Nohae
1590 2183 1644 2222 97,
1670 2185 1741 2223 111,
1765 2185 1837 2217 112.

1277 2231 1453 2264 Paximadius
1474 2233 1601 2266 Nicotaus
1623 2239 1644 2266 t.
1667 2234 1738 2265 223.

1277 2283 1402 2316 Pazuuus
1424 2285 1557 2326 Georgius
1577 2285 1650 2324 220,
1673 2291 1701 2318 et
1721 2286 1848 2318 Nicolaus
1869 2291 1890 2317 t.
1906 2286 1987 2319 221.

1277 2334 1384 2367 Peccilo
1406 2335 1555 2375 (otlandus
1575 2336 1620 2376 de)
1642 2339 1663 2367 t.
1687 2336 1760 2367 359.

1278 2385 1407 2417 Pectinati
1428 2386 1536 2418 loannis
1558 2390 1631 2418 terra
1652 2386 1679 2418 in
1700 2395 1766 2427 agro
1787 2385 1907 2419 Circlarii
1928 2389 1999 2420 282.

1278 2436 1468 2469 Pedeserratus
1491 2437 1567 2469 Vitus
1588 2438 1658 2470 filius
1680 2438 1790 2470 lloberti
1812 2447 1952 2480 possessor
1973 2441 2074 2482 praedii
2097 2441 2170 2473 229.

1279 2488 1431 2520 Pedemolle
1452 2489 1604 2521 Demetrius
1626 2494 1646 2521 t.
1673 2491 1742 2522 101.

1280 2541 1377 2573 Pediso
1399 2540 1600 2582 (Constantinus
1621 2541 1769 2574 Chamalus
1790 2544 1912 2575 notarius
1934 2543 2047 2585 lepactri
2068 2545 2113 2585 de)
2136 2550 2155 2577 t.
2189 2547 2259 2580 112.

1279 2591 1411 2632 Πηγάδιν
1435 2590 1576 2634 δμβριτόν,
1601 2594 1728 2632 cisterna,
1753 2594 1803 2626 74.

1281 2644 1424 2686 Pegaditae
1446 2647 1521 2676 vinea
1540 2647 1568 2676 in
1591 2646 1718 2678 Calabria
1739 2647 1812 2678 487.

1280 2696 1473 2737 Πεγουμοίριον
1498 2695 1569 2734 532,
1593 2697 1682 2728 forsan
1703 2705 1752 2738 pro
1771 2695 1935 2738 πεγουσίριον
1953 2722 1962 2735 ,
1979 2698 2137 2739 peguarium
2151 2723 2160 2736 ,
2183 2708 2260 2732 meu·

1322 2755 1402 2778 surae
1423 2754 1519 2786 genus.

1284 2797 1459 2838 Pelagianum
1480 2796 1580 2827 Terrae
1602 2796 1783 2836 Hydruntinae
1803 2797 1939 2838 oppidum.
1963 2795 2110 2830 Cinnamus
2130 2799 2261 2840 calligra-

1323 2849 1392 2890 phus
1414 2848 1491 2880 solvit
1512 2848 1644 2880 tributum
1665 2848 1764 2880 Basilio
1790 2848 1980 2881 Mesardonitae
2012 2848 2148 2892 Catapano
2171 2851 2262 2883 ltaliae

1324 2910 1372 2943 pro
1392 2906 1482 2933 castro
1502 2900 1583 2933 huius
1605 2900 1691 2942 oppidi
1714 2901 1764 2931 17.

1283 2953 1431 2986 Pelecanus
1455 2952 1553 2985 Petrus
1575 2962 1599 2984 v.
1629 2951 1698 2984 199.
1723 2951 1794 2985 201.
