2560 3646
1195 429 1393 464 -501-

287 511 366 546 προς
390 511 468 539 τους
498 497 574 541 σοῧς
607 504 824 550 κληρονόμους
855 496 1069 547 υευαιιωτέροιν
1094 498 1268 543 ἄσφείλιοίν

285 556 327 591 τὸ
352 559 450 605 παρὸν
485 558 653 607 ἔγγραφον
685 562 734 603 τῆ
758 559 817 602 ἔμῆ
849 559 1056 606 παρακλῆσι·
1085 553 1141 593 διὰ
1167 558 1271 604 χειρὸς

284 614 349 651 τοῦ
366 617 527 663 οἶρημενου
543 631 693 667 νοταριου
710 617 853 664 γραφῆνε
876 629 917 652 συ
933 612 1102 658 πεποίηκα.
1119 612 1266 660 ποιηθέν·

286 672 340 709 καὶ
374 669 430 711 διὰ
463 674 528 711 τοῦ
561 673 635 717 ἐμοῦ
668 671 781 720 σι’γνου
814 675 956 721 ἀνοτερω
991 686 1174 721 κεκηρωκα·
1203 674 1270 710 τῶν

285 729 446 780 ἢρηιένων
459 735 576 782 κριτῶν
588 732 651 768 τοῦ
663 727 850 776 λεχθέντος
862 743 1024 779 νοτοιριου·
1038 733 1107 768 τῶν
1118 729 1268 775 ἓντιχών-

287 803 360 827 των
381 788 549 838 χρυσῖμων
573 787 702 835 ἀνδρῶν·
729 789 784 824 καὶ
810 788 1077 836 ὐπὸγραψαντων
1100 784 1270 837 μαρτύρων

288 845 499 895 ὑπόγρειφαις
536 859 744 895 κεκηρομενον·
780 844 906 894 ἔγραΦη
941 859 969 886 εν
997 860 1045 891 τη
1073 846 1271 896 ρόγκαφαλ-

288 909 410 941 λουκα.
437 901 499 941 ἔτει
525 902 595 947 μηνὶ
620 903 676 940 καὶ
703 899 877 942 ινδικτιωνι
902 907 968 949 τῆς
990 902 1141 954 ηριμένης.

329 963 360 1012 †
383 965 451 1011 Ego
467 963 600 998 hotinus
616 962 657 998 de
674 964 805 1000 notario
829 964 957 1000 nicolao
973 966 1032 1013 qui
1049 977 1148 1013 supra
1166 964 1268 1000 iudex

286 1022 473 1069 subscripsi.

327 1080 358 1125 †
381 1081 449 1126 Ego
471 1079 701 1116 deumiludede
719 1080 761 1115 de
777 1080 910 1117 domina
935 1082 1076 1118 lauretta
1092 1082 1151 1130 qui
1168 1094 1266 1129 supra

281 1138 382 1173 iudex
408 1138 598 1186 subscripsi.

299 1216 311 1231 ο
329 1196 360 1244 †
383 1197 453 1244 Ego
477 1198 723 1233 bartholomeus
743 1197 785 1233 de
801 1197 935 1234 domino
958 1199 1098 1235 aliberto
1122 1201 1267 1246 Rogatus

286 1261 403 1291 testor.

326 1314 358 1362 †
381 1315 451 1361 Ego
475 1315 583 1350 Guido
614 1314 654 1350 de
685 1315 791 1350 iudice
817 1316 985 1351 Gualteris
1010 1318 1157 1363 Rogatus
1188 1317 1266 1351 sub-

283 1371 412 1418 scripsi.

324 1426 354 1474 †
378 1427 447 1473 Ego
466 1426 605 1462 Michael
631 1427 672 1462 de
696 1428 828 1463 domina
854 1429 958 1464 maria
975 1430 1121 1476 Rogatus
1145 1435 1260 1465 testor.

325 1485 355 1533 †
379 1487 449 1532 Ego
476 1486 632 1521 Nicolaus
656 1487 799 1522 Grassus
823 1493 959 1532 rogatus
983 1493 1099 1523 testor.

326 1544 357 1591 †
380 1540 511 1590 ἐγροίῦη
537 1541 716 1589 ὒπεγροίφη
739 1540 794 1578 καὶ
819 1541 970 1590 ἐκυρώθη
995 1541 1037 1579 τὸ
1054 1542 1155 1591 παρὸν
1180 1543 1262 1580 ποῦ-

1312 501 1514 536 seculorum.
1541 502 1652 544 Quare
1677 501 1718 537 ad
1742 503 1888 539 futuram
1913 503 1961 539 rei
1978 503 2172 539 memoriam
2188 508 2221 538 et
2238 502 2294 537 [ir-

1313 559 1453 594 miorem
1478 560 1682 595 validitatem
1706 561 1768 595 tibi
1785 563 1914 609 tuisque
1945 562 2121 597 heredibus
2146 573 2300 609 praesens

1311 616 1566 651 instrumentum
1584 622 1702 663 rogatu
1726 629 1800 653 meo
1815 619 1911 654 condi
1929 620 2007 655 iussi
2025 631 2124 654 manu
2143 617 2302 654 antedicti

1311 672 1429 707 notarii
1453 678 1640 713 exaratum,
1667 680 1700 709 et
1716 685 1790 710 meo
1806 676 1897 722 signo
1915 676 2065 723 superius
2089 676 2295 716 roboratum,

1311 742 1369 766 uec
1394 742 1458 766 non
1482 731 1724 778 praedictorum
1750 733 1895 767 iudicum
1920 740 1953 768 ct
1970 735 2100 776 notarii,
2117 736 2298 782 proborum

1311 788 1482 824 hominum
1506 789 1565 836 qui
1590 790 1675 824 forte
1707 790 1955 830 interfuerunt,
1995 798 2028 826 et
2060 794 2193 828 testium
2219 794 2298 828 sub-

1310 846 1542 894 scriptionibus
1566 847 1747 882 firmatum.
1766 848 1933 895 Scriptum
1950 849 2079 883 Roncae
2104 850 2144 885 de
2160 851 2296 886 Falluro

1310 915 1408 945 anno,
1427 915 1552 945 mense,
1581 909 1615 940 et
1638 904 1815 940 indictione
1840 905 2047 953 supradictis.

1350 1541 1381 1589 †
1394 1532 1578 1589 seriptum
1588 1541 1808 1590 subscriptum
1821 1547 1854 1578 et
1868 1543 2058 1578 roboratum
2072 1549 2119 1579 est
2138 1555 2292 1590 praesens

277 1604 399 1643 υληκον
424 1598 603 1647 ἔγγραφον·
630 1595 686 1636 διὰ
710 1597 816 1646 χειρός
839 1597 991 1647 νοταριόυ
1016 1601 1261 1647 γουλλιοίλμου
1302 1601 1473 1647 publicum
1497 1602 1754 1637 instrumentum
1781 1612 1880 1636 manu
1904 1602 2024 1636 notarii
2043 1602 2210 1643 Guiielmi,
2230 1604 2290 1637 tilii

275 1653 429 1705 νοτιιρίου
452 1651 654 1698 ασμουνδδου
671 1655 866 1699 ποῦυληκου
883 1654 1032 1704 νοταριὀυ
1048 1669 1165 1704 χωρας
1181 1658 1258 1706 ρόγ-
1301 1658 1423 1693 notarii
1446 1658 1619 1699 Asmumli,
1639 1659 1763 1705 publici
1787 1659 1908 1694 notarii
1934 1659 2077 1694 civitatis
2095 1662 2225 1695 Roucae
2250 1661 2290 1694 de

276 1727 337 1752 xz,-
361 1712 426 1748 τοῦ
451 1718 663 1757 φαλλουκαι·
691 1708 754 1748 ἔτει
778 1709 877 1756 μηνὶ,
906 1712 960 1748 καὶ
993 1708 1169 1751 ινδικτιωνι
1194 1717 1259 1759 τῆς
1301 1717 1439 1752 Falluco
1463 1728 1562 1758 anno,
1591 1729 1702 1753 mense
1727 1724 1760 1753 et
1784 1718 1960 1753 indictione
1986 1719 2195 1765 supradictis.

274 1767 426 1816 ἦριμένης.

346 1848 402 1886 (Ex
417 1849 549 1891 originali
564 1849 728 1881 membrana
742 1849 863 1882 Archivi
875 1850 1051 1892 Neapolitani
1061 1853 1159 1885 -n.⁰
1176 1853 1262 1893 179.)

1136 1973 1427 2031 cccxxxw.

701 2085 813 2129 1303
825 2110 880 2118 —
890 2088 1016 2132 Hense
1045 2090 1241 2134 Decembri
1277 2092 1329 2134 15
1344 2114 1399 2122 —
1409 2093 1549 2136 Indici.
1586 2094 1622 2136 11
1633 2115 1687 2125 —
1699 2095 1856 2137 Catacii.

304 2192 434 2227 Ioannes
459 2191 495 2225 de
521 2192 704 2237 presbytera
729 2194 834 2229 vendit
861 2195 978 2231 Ioanni
1001 2198 1107 2244 Rapio
1131 2199 1301 2236 dimidiam
1324 2202 1452 2237 domum
1476 2203 1613 2249 positam
1640 2203 1672 2237 in
1698 2203 1821 2237 civitate
1849 2203 1969 2237 Catacii
2010 2202 2117 2238 aureis
2142 2206 2256 2239 aaronis

1062 2257 1200 2302 quinque
1224 2264 1252 2292 et
1276 2258 1503 2304 quadraginta.

317 2351 348 2399 †
371 2350 477 2398 σίγνον
502 2364 607 2400 χειρος
630 2365 809 2400 μαιστορος
833 2368 968 2390 ιωαννου
993 2353 1064 2392 moi}
1081 2370 1146 2392 του
1164 2370 1249 2392 ποτε

267 2422 444 2457 μαιστορος
476 2414 590 2457 γουλιε
580 2414 680 2452 -λμου
713 2411 766 2451 τῖς
790 2426 848 2460 πρε
839 2414 954 2457 -σβητς
957 2427 1011 2461 ρας
1035 2417 1085 2458 ff.
1111 2429 1167 2450 εοπ
1171 2429 1248 2456 ιομα

267 2481 337 2503 των
362 2467 506 2515 αριίτων·
535 2482 690 2513 κατηκου
713 2484 759 2506 πο
743 2474 798 2506 πελ
789 2485 846 2511 ως
864 2477 1129 2520 κπταιτζαριου.

315 2527 345 2575 †
364 2528 416 2563 Ἐν
432 2527 579 2569 dronae-1·
608 2541 673 2563 του
698 2541 808 2576 ‘nav-p
798 2527 826 2569 ’ς
851 2543 906 2564 και
928 2529 991 2565 τοῦ
1017 2531 1061 2567 ιι’π
1052 2545 1084 2565 υ
1111 2546 1165 2566 κκι
1186 2546 1226 2566 τπ
1220 2547 1249 2567 υ

268 2598 368 2632 αγιου
393 2599 586 2629 πνευματος·
617 2599 680 2622 ετει
703 2587 808 2637 <wass
834 2583 895 2622 ἔτει
922 2583 1099 2636 δεκεμβριω
1123 2604 1193 2632 μνιι
1212 2603 1249 2629 εις

266 2654 328 2681 τας
352 2642 386 2677 ἴε’
410 2642 474 2687 τὴς
507 2625 712 2682 ινὸικτιωνος
734 2642 780 2686 β’.
809 2656 988 2690 ριγευοντος
1021 2643 1085 2680 τοῦ
1120 2642 1249 2685 ενδυξω-

265 2710 377 2733 τατου
404 2713 458 2733 και
484 2702 694 2743 θεοτγμιτου
725 2700 814 2743 τμῶν
849 2713 939 2747 ριγος
972 2699 1071 2748 κυροῖ)
1105 2701 1248 2749 κείρο).ου

265 2752 415 2805 δευτέρου
438 2756 518 2793 θεοῦ
543 2771 660 2806 χαριτι
687 2762 884 2804 ιερουσαλτμ.
901 2773 955 2794 και
973 2764 1120 2799 σικελιοις
1146 2774 1243 2807 ριγος·

264 2811 431 2850 δουκοίτου
447 2819 611 2854 απουλιας
625 2829 680 2850 και
695 2828 918 2862 πρινκιπατου
936 2829 1092 2856 καπουοις·
1111 2814 1248 2864 πρτυείν-

266 2885 300 2907 κ3
303 2885 351 2911 ms·
376 2886 431 2907 και
459 2875 628 2921 Φορκειλκε
630 2887 697 2921 ριου
722 2886 762 2908 κο
750 2886 872 2915 ματος·
893 2874 962 2910 τῶν
978 2869 1010 2909 δε
1027 2887 1172 2922 ριγατου
1189 2889 1248 2911 αυ-

264 2942 330 2965 του
363 2943 467 2970 ετους.
495 2924 639 2966 δεκάτου
672 2944 801 2967 erim-00
831 2944 984 2976 ευτυχως
1016 2931 1112 2976 σιμὴν
1147 2947 1247 2979 κοιγω

265 3002 282 3023 0
306 2991 521 3036 προγραΦεις.
540 3001 695 3038 μαιστωρ
721 3003 850 3033 ιωαννης
874 2990 891 3025 ὁ
908 3002 952 3024 το
969 2989 1076 3037 σὶγνον
1098 3003 1164 3025 του
1182 3005 1247 3035 τη·

260 3058 334 3087 μιου
359 3057 415 3079 και
433 3049 598 3089 ζωοποιου
622 3045 767 3095 σταυροῦ
792 3047 887 3089 *hazein
912 3059 977 3089 μου
993 3058 1074 3094 χειρι
1101 3060 1155 3082 ανο
1161 3061 1195 3083 τ·
1185 3062 1245 3096 :pm

1337 2360 1368 2408 †
1391 2361 1528 2408 Signum
1552 2374 1668 2398 manus
1692 2363 1840 2409 magistri
1865 2364 1995 2398 Ioannis
2026 2363 2084 2397 filii
2112 2364 2279 2410 quondam

1291 2419 1436 2464 magistri
1451 2420 1605 2456 Gulielmi
1619 2421 1659 2456 de
1673 2421 1870 2469 Presbytera
1888 2420 2106 2466 cognominati
2121 2420 2159 2453 de
2173 2421 2281 2455 Aratis

1291 2477 1417 2511 incolae
1443 2477 1587 2513 civitatis
1612 2479 1746 2513 Catacii.

1340 2532 1368 2580 †
1380 2535 1414 2569 ln
1428 2535 1559 2570 nomine
1576 2536 1695 2576 Patris,
1711 2542 1743 2570 ct
1756 2535 1846 2570 Filii.
1862 2542 1894 2570 et
1912 2535 2052 2582 Spiritus
2067 2536 2188 2570 Sancti.
2209 2539 2278 2570 Λιι-

1291 2602 1334 2625 no
1351 2591 1459 2632 6812,
1481 2603 1590 2627 mense
1608 2592 1786 2633 decembri.
1805 2592 1857 2627 die
1874 2594 1949 2633 XV,
1970 2593 2144 2627 indictione
2162 2595 2204 2632 ll,
2226 2606 2277 2626 re-

1290 2653 1408 2692 gnante
1432 2648 1654 2684 illustrissimo
1678 2655 1710 2684 et
1741 2649 1943 2695 pientissimo
1976 2662 2050 2696 rege
2085 2656 2194 2684 nostro
2220 2650 2276 2682 d«)-

1292 2703 1381 2738 miuo
1405 2705 1524 2739 Carolo
1550 2705 1694 2740 secundo
1712 2732 1720 2746 ,
1749 2706 1809 2741 Dei
1834 2706 1937 2752 gratia
1955 2706 2158 2740 Hierusalem
2175 2711 2206 2739 et
2225 2705 2276 2739 Si-

1289 2761 1385 2796 ciliae
1410 2773 1487 2809 rege
1503 2789 1512 2805 ‚
1533 2763 1672 2799 ducatus
1697 2763 1836 2810 Apuliae
1853 2769 1886 2799 et
1904 2764 2105 2811 principatus
2129 2764 2272 2809 Capuae,

1290 2821 1484 2857 Provinciae
1508 2827 1542 2856 et
1565 2821 1794 2869 Forcalquerii
1819 2823 1952 2862 comite,
1981 2823 2072 2867 regui
2089 2822 2191 2868 ipsius
2217 2834 2275 2856 an-

1289 2890 1332 2912 no
1356 2878 1483 2914 decimo
1507 2890 1607 2919 nono,
1627 2879 1779 2918 feliciter.
1798 2890 1906 2914 amen.
1921 2880 1989 2925 Ego
2007 2879 2191 2925 praedictus
2205 2891 2275 2913 ma-

1287 2934 1390 2981 gister
1414 2937 1562 2975 loannes,
1591 2937 1649 2982 qui
1678 2935 1807 2982 signum
1832 2935 2031 2970 honorabilis
2065 2942 2098 2970 et
2123 2935 2273 2970 vivificae

1287 2992 1395 3027 crucis
1413 2992 1547 3039 propria
1564 3002 1636 3026 mea
1661 3003 1759 3027 manu
1777 3003 1875 3038 supra
1892 2992 2040 3032 exaravi,
2060 2991 2191 3025 declaro
2209 2991 2270 3025 hoc

1287 3050 1420 3097 publico
1443 3051 1663 3086 instrumento
1687 3061 1799 3086 coram
1824 3049 1930 3085 iudice
1955 3050 2090 3085 Nicolao
2114 3049 2270 3096 Stapliido
