2652 3762
1288 487 1382 540 ΧΤ.

443 672 536 711 Cum
566 671 723 711 saeculo
757 672 865 709 sexto
895 667 1151 710 Cassiodorus
1188 680 1386 710 secessum
1419 673 1458 708 et
1493 670 1569 709 otia
1608 671 1680 710 sibi
1720 679 1925 722 quaereret
1952 687 1973 716 a
2006 676 2173 727 publicis
2208 687 2323 727 nego-

344 734 422 784 tiis,
454 734 594 782 quibus
623 731 804 781 gerendis
824 731 904 780 «liu,
926 742 997 770 nec
1017 732 1100 771 sine
1129 732 1294 771 maximo
1324 732 1505 770 ltalornm
1533 733 1791 773 emolumento
1819 743 2033 788 vacaverat,
2068 749 2188 789 prope
2222 740 2325 789 seyl-

340 798 482 837 lacium
510 797 558 835 ab
588 795 767 834 inchoato
796 794 976 834 excitavit
1002 795 1225 834 vivariense
1253 794 1505 843 coenobium,
1533 804 1610 842 quo
1638 795 1805 836 Graecos
1833 808 1925 846 prae
1955 801 2114 850 reliquis
2141 803 2244 842 viros
2272 803 2326 840 in-

344 857 460 907 genio
488 860 527 895 et
554 856 771 895 eruditione
799 855 973 905 insignes
1000 855 1217 904 arcessivit,
1240 855 1304 903 qui
1326 865 1458 893 secum
1479 855 1515 892 in
1536 856 1768 895 excolendas
1797 867 1929 897 sacras
1949 862 2206 911 profanasque
2226 863 2323 902 litte-

340 927 406 956 ras
426 927 471 956 ac
490 916 719 966 praesertim
734 916 902 955 Graecas
930 919 1009 955 tota
1037 915 1152 954 animi
1174 915 1418 954 contentione
1447 920 1486 954 ct
1513 916 1719 955 sedulitate
1747 917 2026 970 incumberent,
2056 924 2109 961 uti
2130 923 2325 963 Garettius

339 979 423 1017 l'use
451 977 608 1016 tradidit
634 977 672 1016 in
702 977 983 1016 Commentario
1012 977 1060 1015 de
1088 977 1164 1015 vita
1193 977 1431 1015 cassiodori.
1464 977 1564 1015 luter
1583 987 1652 1016 eos
1672 978 1891 1017 eminebant
1912 979 2114 1031 Dionysius
2138 983 2323 1035 Exiguus,

340 1042 378 1077 et
398 1038 634 1088 Epiphanius
653 1038 805 1086 graecis
825 1037 1038 1086 disciplinis
1058 1037 1232 1086 apprime
1252 1038 1401 1076 imbuti.
1424 1037 1569 1077 Horum
1590 1040 1744 1087 quidem
1767 1040 2066 1081 coenobitarum
2094 1045 2248 1085 labores
2276 1047 2327 1085 el*-

337 1103 526 1153 lecerunt,
547 1106 589 1141 ut
616 1113 686 1151 per
712 1112 757 1140 ca
785 1105 973 1150 tempora,
1001 1102 1141 1149 quibus
1170 1102 1371 1141 barbaries
1399 1107 1438 1141 et
1464 1103 1679 1151 ignorantia
1708 1114 2000 1153 quoquoversus
2027 1108 2128 1155 apud
2157 1109 2327 1158 reliquas

339 1162 558 1202 Occidentis
586 1163 733 1202 incolas
761 1164 1053 1212 grassabantur,
1075 1163 1112 1201 in
1133 1162 1309 1202 Calabria
1330 1173 1404 1202 non
1430 1159 1563 1213 parum
1585 1165 1769 1213 pristinae
1789 1167 2036 1206 humanitatis
2056 1169 2246 1209 incolume
2265 1181 2330 1220 pe·

339 1227 532 1263 rennaret.

444 1286 585 1326 Octavo
613 1289 740 1326 autem
769 1288 926 1327 saeculo
946 1288 1010 1326 alii
1032 1289 1250 1337 complures
1270 1290 1457 1328 abeuntes
1476 1300 1521 1328 ex
1543 1290 1707 1339 lmperio
1728 1291 1933 1341 Byzantino
1954 1293 2143 1345 Menaeni,
2165 1301 2206 1335 ut
2235 1295 2329 1337 Leo-

337 1349 397 1389 nis
414 1348 570 1389 lsaurici
590 1350 639 1388 ad
658 1350 988 1388 exterminandum
1010 1361 1208 1389 sacrarum
1229 1353 1439 1401 imaginum
1459 1353 1604 1392 cultum
1625 1355 1899 1395 debacchantis
1918 1367 2006 1396 sese
2021 1359 2331 1400 crudelitati-crt-

337 1417 487 1463 perent,
509 1415 647 1464 partim
668 1414 840 1465 Neapoli,
859 1419 901 1453 ut
918 1419 1083 1455 testatur
1102 1416 1273 1456 Ubaldus
1288 1417 1359 1467 (l),
1379 1418 1516 1466 partim
1533 1420 1570 1457 in
1587 1419 1763 1458 Calabria
1782 1431 1893 1459 suum
1913 1422 2148 1462 domicilium
2165 1426 2332 1464 colloca-

337 1482 440 1519 runt.
471 1479 658 1529 Quicquid
687 1480 902 1519 litterarum
940 1490 1072 1519 secum
1101 1482 1339 1531 attuleruut,
1379 1483 1417 1521 id
1446 1483 1548 1522 ultro
1585 1484 1853 1533 manciparunt
1888 1486 1974 1524 usui
2013 1486 2247 1526 Graecorum
2275 1489 2331 1527 in-

337 1542 544 1581 colentium
573 1543 658 1581 loca
680 1571 690 1591 ,
729 1541 793 1581 ubi
830 1552 980 1581 summa
1018 1543 1254 1592 benignitate
1284 1543 1435 1583 ruerant
1463 1545 1628 1594 excepti.
1660 1545 1756 1584 llinc
1787 1550 1970 1595 vergente
2007 1547 2143 1586 eodem
2172 1550 2330 1589 saeculo

338 1601 490 1643 Marcus
518 1603 778 1653 ilydruntinus
808 1604 1023 1654 Episcopus
1060 1605 1206 1644 Graeca
1236 1605 1578 1656 llymnograpnia‚
1618 1607 1783 1656 aliisque
1820 1608 1995 1656 plurimis
2028 1608 2171 1657 ingenii
2201 1619 2331 1649 monu-

335 1664 478 1703 mentis
506 1664 620 1704 edills
648 1664 685 1703 in
714 1664 948 1704 Graecorum
986 1665 1130 1706 Officiis
1166 1667 1494 1706 immortalitatem
1531 1668 1696 1707 nominis
1733 1669 1806 1707 sibi
1844 1669 2092 1717 comparavit.
2124 1669 2203 1708 Sub
2232 1673 2332 1711 eius·
2391 1700 2395 1704 -

337 1725 424 1763 (lem
452 1725 597 1763 saeculi
627 1726 768 1765 exitum
803 1728 939 1776 Anglia
968 1737 1122 1776 quoque
1151 1728 1342 1767 sermonis
1375 1728 1512 1767 Graeci
1550 1739 1624 1767 non
1662 1730 1795 1777 ignara
1832 1730 2018 1780 extabat;
2058 1742 2179 1779 quare
2217 1733 2332 1771 Caro-

335 1787 396 1826 lus
424 1786 585 1836 Magnus
617 1789 705 1829 inde
738 1790 889 1839 accivit,
919 1793 983 1839 qui
1013 1802 1176 1841 graecas
1208 1793 1358 1831 litteras
1386 1793 1487 1839 apud
1517 1791 1728 1831 Germanos
1757 1794 1910 1841 publice
1930 1795 2102 1833 doceret.
2121 1796 2197 1834 Sed
2228 1800 2330 1844 post-

337 1861 451 1898 quam
481 1850 665 1899 Princeps
702 1851 765 1890 hic
801 1851 1111 1899 sapientissimus
1147 1863 1168 1891 e
1198 1854 1271 1891 vita
1301 1852 1505 1901 migravit,
1537 1853 1661 1891 studia
1688 1854 1903 1892 litterarum
1941 1856 2109 1894 omnium
2130 1885 2141 1904 ,
2174 1867 2332 1904 graeca-

337 1921 499 1959 rumque
528 1912 715 1961 imprimis
744 1912 781 1950 in
811 1912 1014 1952 Germania
1044 1918 1083 1952 ct
1110 1914 1247 1963 Anglia
1277 1924 1437 1962 prorsus
1466 1915 1743 1953 obsoleverunt
1763 1944 1774 1964 ,
1813 1919 1852 1953 et
1879 1920 2027 1955 mentes
2055 1917 2252 1956 hominum
2283 1919 2332 1956 ad

336 1974 538 2022 pristinam
566 1976 745 2024 relapsae
764 1979 853 2015 sunt
872 1986 1002 2016 rerum
1030 1972 1313 2026 ignorationem
1333 1983 1372 2017 et
1399 1978 1631 2017 socordiam.
1660 1979 1708 2017 At
1736 1989 1849 2018 secus
1878 1980 1915 2017 in
1944 1981 2121 2019 Calabria
2147 1992 2236 2021 sese
2267 1993 2332 2022 res

339 2035 487 2074 habuit.
510 2036 591 2074 lllic
610 2037 710 2075 enim
740 2037 897 2077 saeculo
923 2047 1025 2077 nono
1053 2048 1182 2077 sermo
1203 2048 1368 2087 graecus
1388 2048 1462 2077 non
1483 2039 1768 2089 detrimentum,
1791 2042 1859 2079 sed
1880 2041 2156 2079 incrementum
2177 2044 2329 2092 aceepit

339 2106 413 2144 ope
441 2097 604 2135 aliorum
635 2097 832 2138 Sodalium
862 2098 1016 2138 Ordinis
1047 2099 1244 2149 Basiliani,
1275 2109 1373 2148 quos
1401 2099 1625 2139 I’atriarcha
1646 2111 1692 2140 eo
1713 2102 2042 2150 Constantinopoli
2063 2103 2255 2151 proficisci
2275 2105 2333 2143 iu-

337 2159 468 2208 bebat,
499 2163 541 2198 ut
573 2161 814 2201 amoliendae
843 2161 1102 2202 Romanorum
1139 2163 1366 2202 Pontificum
1405 2164 1642 2213 auctoritati,
1672 2169 1710 2203 ct
1738 2165 1885 2204 Gracco
1918 2166 2008 2204 ritui
2045 2166 2162 2205 latius
2195 2177 2332 2217 propa-

338 2222 463 2269 gando
492 2232 649 2272 operam
678 2228 874 2265 navarent.
906 2225 1050 2265 Horum
1072 2236 1145 2266 non
1171 2237 1315 2275 paucos
1350 2227 1502 2275 excepit
1530 2227 1698 2278 lapygia‚
1729 2229 1792 2266 ubi
1822 2229 1992 2268 Neritiua
2021 2230 2057 2267 in
2087 2231 2182 2269 urbe
2207 2233 2322 2271 Grae-

338 2284 511 2323 canicum
550 2287 787 2335 gyinnasium
825 2287 1103 2338 instituerunt,
1143 2290 1180 2327 in
1217 2299 1294 2337 quo
1334 2290 1508 2328 studiosa
1537 2289 1712 2329 iuventus
1750 2291 1903 2338 graecis
1940 2291 2079 2330 litteris
2118 2297 2233 2341 atquc
2269 2295 2324 2332 di-

338 2345 513 2394 sciplinis
542 2347 792 2388 imbueretur.
824 2348 1061 2398 Quamquam
1090 2360 1181 2390 vero
1210 2351 1346 2389 eodem
1376 2351 1533 2389 saeculo
1563 2352 1676 2390 modo
1707 2351 1905 2401 Saraceni,
1935 2353 2050 2391 modo
2080 2353 2325 2401 Lougobardi

336 2410 449 2459 politi
478 2410 585 2449 suere
615 2411 790 2461 urbibus,
822 2422 921 2461 quae
951 2413 1108 2452 Graecis
1138 2413 1439 2462 lmperatoribus
1468 2414 1669 2463 parebant,
1691 2424 1737 2452 ex
1756 2414 2059 2462 alienigenarum
2084 2415 2235 2454 illorum
2256 2417 2323 2454 do-

338 2472 485 2511 minatu
514 2473 659 2512 Graeca
689 2474 818 2523 lingua
847 2484 921 2514 non
949 2476 1054 2514 aliud
1083 2486 1198 2525 passa
1227 2476 1310 2526 tuit,
1340 2477 1414 2516 nisi
1443 2477 1546 2525 quod
1572 2477 1713 2515 ineam
1744 2478 1891 2526 aliquot
1919 2478 2148 2517 Saraeentea
2172 2484 2209 2518 et
2231 2479 2326 2518 Lon-

339 2536 550 2583 gobardica
577 2537 761 2575 vocabula
791 2538 1050 2587 inrepserunt.
1083 2539 1213 2587 Neque
1241 2540 1312 2578 sub
1341 2540 1514 2588 ipsorum
1544 2544 1735 2589 potestate
1755 2550 1800 2578 ea
1825 2541 1909 2579 loca
1938 2541 2003 2578 diu
2031 2541 2204 2590 l'uerunt;
2238 2552 2324 2581 nam

339 2596 472 2634 Graeci
504 2597 701 2647 Principes
729 2599 859 2637 missis
887 2599 1073 2638 militibus
1102 2600 1190 2638 inde
1229 2600 1444 2639 Saracenos
1472 2611 1517 2639 ac
1547 2599 1825 2648 Langobardos
1853 2601 2095 2650 expulerunt,
2127 2602 2334 2650 Apuliam-v

339 2670 429 2710 que,
460 2661 655 2711 Iapygiam
685 2666 723 2700 et
751 2663 966 2701 Calabriam
996 2664 1032 2701 in
1063 2674 1171 2703 suam
1201 2664 1383 2703 ditionem
1413 2668 1658 2713 receperunt.

444 2721 608 2762 Saeculo
624 2724 776 2763 decimo
792 2725 930 2773 Apulia
949 2728 988 2763 ct
1008 2725 1184 2763 Calabria
1204 2725 1544 2764 truculentissimis
1564 2729 1720 2765 vexatae
1736 2724 1848 2763 bellis
1863 2724 2030 2774 l'uerunt,
2048 2725 2187 2773 quibus
2208 2724 2323 2763 Otho-

339 2794 408 2823 nes
437 2785 714 2825 Germanorum
744 2787 1002 2836 Imperatores
1031 2788 1162 2827 delere
1192 2789 1316 2827 conati
1337 2792 1426 2827 sunt
1454 2789 1750 2828 (loininationem
1780 2788 2013 2826 Graecorum
2045 2789 2264 2837 Principum
2288 2789 2324 2827 in

338 2849 482 2888 nostris
510 2849 751 2899 regionibus.
783 2850 882 2890 Otho
908 2850 937 2901 l,
966 2854 1009 2890 ut
1036 2852 1184 2891 cladem
1214 2853 1469 2893 ulcisceretur
1496 2853 1577 2892 suis
1606 2851 1790 2891 militibus
1828 2852 2134 2902 proceribusque
2175 2853 2323 2894 illatam

421 2983 466 3020 (l)
492 2982 667 3014 Chronicon
694 2986 812 3015 Ducum
836 2985 982 3025 ,l'enpalis
1006 2987 1094 3024 apud
1118 2987 1283 3017 1’rntilium
1311 2987 1392 3017 Tum.
1421 2987 1460 3016 ΙΙ.
1488 2994 1563 3024 pau.
1596 2985 1661 3014 5⁰!-
