2560 3646
1130 399 1176 408 .-.
1195 379 1264 415 594
1283 400 1327 407 .-

264 453 453 485 monasterium
475 451 506 481 S.
532 448 661 491 Stephani
683 449 717 481 de
739 448 858 481 Nemore
874 452 901 481 et
922 448 1066 482 nonnullos
1088 448 1216 481 homines

273 503 494 546 Agriotherarum
518 499 588 532 322.

231 555 381 595 Lampaeus
402 560 540 594 possessor
561 550 659 593 praedii
681 551 708 583 iu
729 559 798 593 agro
820 551 950 583 Mentauri
973 550 1045 583 406.

228 604 406 647 Lampadaria
427 603 521 643 (Ficus
542 602 598 644 de),
622 611 650 635 n.
674 602 694 636 l.
717 603 744 635 in
766 611 833 646 agro
854 603 960 643 Uniani,
985 602 1038 636 27.

224 656 340 697 Lampas
361 655 520 687 Theodorus
541 658 561 687 t.
587 654 658 687 164.

224 706 371 748 Lampases
392 705 478 738 Moles
500 708 521 738 t.
545 704 618 738 271.

224 757 358 799 Lampisis
379 765 407 788 n.
432 756 452 788 l.
478 757 504 788 in
526 764 592 799 agro
614 755 739 789 Crotonis
760 756 833 790 400.

223 808 402 851 Lampuricus
421 807 608 850 Bonassiuntos
629 806 702 846 382,
725 806 797 840 384.

224 859 364 891 Laeuinus
386 862 413 891 et
434 858 536 891 Bruno.
559 857 594 890 V.
617 857 808 890 ltlooasterium
829 857 859 890 S.
883 857 1012 901 Stephani
1028 857 1062 890 de
1082 857 1210 890 Nemore.

225 911 384 944 Laneonites
405 909 461 942 Leo
481 914 504 942 t.
528 909 601 943 313.

226 963 318 996 Lando
339 964 429 1004 (Anna
448 962 492 1005 de)
514 962 588 996 223.
612 962 646 995 V.
671 962 793 996 Villarita
813 961 940 1005 Sergius.

226 1034 267 1040 —
290 1015 431 1058 (Argentia
452 1014 498 1056 de)
519 1013 593 1047 374.

228 1067 379 1100 Landrinus
400 1066 529 1109 Magister
550 1065 731 1098 [tremitur-um
750 1065 782 1097 S.
807 1065 937 1108 Stephani
960 1065 1035 1098 219.

229 1118 336 1150 Landra
358 1116 506 1159 (Philippus
527 1116 571 1158 de)
592 1114 763 1148 caballarius
786 1114 857 1147 220.

229 1170 376 1203 Landolrus
395 1168 525 1201 diaeonus
545 1167 666 1200 notarios
687 1166 833 1199 'tranensis
857 1167 885 1199 1.

227 1221 362 1253 Landuli'o
383 1218 522 1260 (Nicolaus
543 1218 589 1261 de)
610 1221 632 1250 t.
655 1216 728 1250 315.

223 1270 334 1302 landus
355 1269 428 1311 prior
448 1268 601 1301 monasterii
623 1266 788 1310 cfr-Zosimi
810 1267 882 1301 339.

225 1320 423 1363 Langobardos
444 1320 591 1359 Arcadios.
614 1319 732 1353 Basilius
752 1324 780 1352 et
801 1320 846 1353 alil
868 1330 911 1354 vv.
934 1320 1007 1353 559.

226 1389 266 1396 -
288 1370 424 1403 Areudius
443 1375 467 1403 t.
490 1370 563 1404 289.

227 1442 267 1448 -
291 1424 407 1457 Ioanne·
427 1434 453 1457 v.
479 1424 551 1457 557.

228 1493 267 1498 -
289 1474 384 1507 Niceta
407 1483 437 1506 v.
463 1473 535 1506 558.
1027 1483 1032 1489 ·

228 1525 418 1567 Langobardia
439 1524 550 1564 (Mariae
572 1524 618 1566 de)
640 1524 717 1557 vinea
738 1524 765 1556 in
786 1522 913 1557 Calabria
937 1523 1006 1557 165.

229 1575 431 1617 Langobardos
452 1575 551 1607 Petrus
571 1577 592 1606 t.
617 1573 690 1606 173.

228 1627 356 1659 Lauiniani
378 1626 439 1658 villa
460 1626 486 1658 in
507 1634 575 1668 agro
596 1625 710 1658 civitatis
731 1625 822 1658 Asculi
846 1626 896 1664 11,
921 1625 971 1664 12,
997 1626 1047 1666 14,
1070 1625 1122 1659 25.

228 1677 318 1709 Λανὸν
333 1677 406 1716 283,
421 1682 449 1710 et
470 1675 559 1711 Λανόσ
580 1678 653 1716 354,
676 1678 789 1710 sortasse
810 1686 857 1719 pro
879 1674 975 1714 Ληνόε,
1000 1678 1132 1711 torcular.

227 1728 502 1771 Lapetra-nobertus
524 1728 594 1762 135.

227 1780 343 1822 Lapides
364 1781 466 1823 asperi,
489 1779 592 1822 ἄστρα.
613 1778 708 1818 λίθοι,
731 1787 759 1811 ιι.
784 1778 804 1811 l.
827 1780 854 1811 in
876 1787 942 1822 agro
964 1778 1103 1818 Panormi,
1130 1778 1200 1812 156.

227 1831 337 1872 Lapusa
359 1829 526 1872 (Stephanus
546 1829 592 1870 de)
613 1828 686 1862 234.

224 1883 369 1921 Ltr-laria,
395 1891 423 1914 n.
448 1881 468 1914 l.
492 1882 519 1913 io
540 1879 680 1921 Calabria,
705 1881 756 1914 95.

229 1932 422 1975 Lardopliorus
444 1931 559 1964 Constas
580 1941 606 1964 v.
632 1932 702 1964 184.

231 1986 320 2016 Lai-eti
342 1984 472 2017 eeclesiae
495 1984 612 2016 loannes
633 1986 778 2026 protopapa
799 1987 826 2015 et
847 1982 1000 2017 tabularius
1025 1982 1093 2016 163.

234 2036 337 2076 Λάργα
358 2035 431 2068 325.

235 2087 360 2126 Lernaei,
383 2086 542 2119 Larnacium
564 2087 605 2119 vel
620 2085 650 2118 Li
662 2087 770 2124 Arnaei.
787 2095 815 2118 n.
833 2086 853 2118 l.
869 2086 940 2128 apud
962 2086 1126 2124 Pertusiam,
1147 2087 1215 2126 215,

276 2136 350 2175 216,
373 2137 447 2175 251,
470 2136 543 2175 272,
568 2136 641 2175 273,
665 2135 740 2175 275,
763 2135 836 2175 296,
860 2135 932 2170 298.

236 2189 336 2220 Lassici
358 2189 498 2230 praedium
520 2189 547 2220 in
568 2196 634 2230 agro
655 2187 780 2220 Badulati
802 2187 873 2220 440.

237 2240 380 2272 Latliadari
401 2239 552 2271 Matthaeus
566 2248 628 2271 cum
643 2248 731 2271 uxore
752 2239 831 2271 Irene
846 2243 873 2271 et
887 2238 942 2271 illio
956 2238 1056 2272 Basilio
1077 2249 1117 2272 vex
1129 2241 1165 2272 dit
1181 2242 1219 2273 A·

276 2290 388 2322 deodato
408 2289 547 2332 praedium
570 2289 685 2330 positum
707 2289 733 2320 in
755 2296 820 2330 agro
842 2288 942 2321 norem
965 2288 1037 2321 416.

238 2339 345 2371 Aurium
367 2335 512 2381 ἶρμηνιύυν
535 2338 584 2370 12.

236 2393 348 2422 Latinus
370 2390 483 2423 loannes
504 2389 577 2422 376.

236 2443 366 2474 Latrones
387 2443 414 2473 in
436 2451 503 2484 agro
524 2441 617 2475 Nohae
640 2442 709 2475 150.

237 2493 379 2526 Latronico
400 2493 555 2535 (Choardus
577 2494 622 2533 de)
643 2498 663 2526 t.
691 2493 760 2527 106.

236 2562 275 2567 -—-
299 2545 497 2580 (Constantinus
519 2545 563 2585 de)
585 2548 605 2576 t.
631 2544 682 2577 62.

240 2594 352 2626 Latrum
375 2603 402 2625 n.
428 2594 447 2626 l.
471 2595 499 2626 in
521 2594 648 2627 Calabria
669 2596 741 2628 557.

240 2643 357 2682 Levana,
381 2647 512 2683 λαβελα,
535 2644 634 2677 flumen
655 2645 681 2677 in
702 2654 768 2687 agro
791 2645 906 2678 Troiano
929 2646 979 2685 19,
1007 2646 1057 2679 21.

238 2695 377 2727 Lavidium
399 2704 427 2726 n.
452 2696 472 2728 1.
496 2696 523 2728 in
544 2705 609 2738 agro
631 2697 773 2730 Nicoterae
795 2698 867 2730 284.

241 2748 355 2778 Lavinus
377 2747 548 2789 Praepositae
570 2750 723 2782 monasterii
738 2749 768 2781 S.
788 2749 895 2783 loannis
909 2749 1046 2792 Baptistae
1061 2750 1097 2788 91
1117 2751 1170 2783 95.
1187 2752 1221 2785 V.

280 2799 394 2831 Monast.

243 2850 335 2881 Lavita
356 2851 453 2883 Petrus
474 2855 497 2884 t.
522 2851 572 2883 59.

246 2901 390 2933 Laurentio
411 2902 534 2942 (loannes
555 2903 587 2934 de
609 2902 655 2943 S.)
677 2903 748 2941 382,
772 2903 843 2936 381.

242 2950 404 2982 Laurentius
426 2950 479 2991 (S.)
502 2952 527 2982 in
550 2955 708 2985 monasterio
730 2953 760 2985 S.
786 2954 885 2987 Mariae
907 2956 940 2988 de
962 2955 1098 2990 Turribus
1123 2955 1192 2989 128.

244 3017 280 3024 -
306 2998 448 3042 strategus
470 3000 611 3043 Nicephori
632 3007 652 3036 t.
677 3004 747 3037 353.

1258 449 1375 483 Laureto
1396 450 1438 492 (S.
1463 450 1573 485 Mieliael
1594 451 1639 494 de)
1660 451 1732 484 308.

1259 500 1339 533 Lauri
1361 502 1478 536 fluminis
1498 503 1598 536 mentio
1622 504 1672 543 11,
1700 504 1748 543 11,
1771 503 1823 536 25.

1258 551 1441 586 Laurolredus
1462 553 1588 586 Nicotaus
1610 557 1630 586 t.
1658 553 1727 586 193.

1257 602 1376 634 Lazarus
1396 611 1537 645 possessor
1558 603 1658 646 praedii
1679 604 1705 636 in
1727 612 1793 647 agro
1814 603 1954 636 Nieoterae
1976 602 2047 636 338.

1257 651 1312 683 Lea
1333 651 1474 685 illonaeha.
1499 653 1533 686 V.
1557 653 1669 687 Helena.
1835 674 1836 677 =

1257 702 1378 745 Leandro
1401 702 1520 744 (loannis
1541 703 1574 737 de
1595 704 1639 747 S.)
1661 704 1801 748 praedium
1823 705 1849 738 in
1869 713 1937 749 agro
1958 702 2059 739 cataeii
2081 702 2154 737 364.

1256 755 1397 787 Leandros
1419 754 1532 788 loannes
1554 756 1636 790 iudex
1657 756 1754 800 Rhegii
1775 756 1847 791 121.

1195 820 1199 824 ·
1256 804 1398 845 Λιγσὶτον,
1421 805 1552 848 legatum,
1577 806 1629 838 26.

1256 853 1442 895 Διμετοῦνιον,
1465 856 1621 896 confinium,
1644 857 1716 890 3¹11.

1257 906 1418 940 Lemoeinus
1439 906 1560 940 Andreas
1582 916 1719 950 possessor
1741 908 1832 940 vincae
1853 908 1879 941 in
1901 917 1967 951 agro
1987 908 2094 942 Briatiei
2116 906 2190 941 460.

1256 958 1350 990 Lenita
1370 958 1425 990 iilia
1445 957 1591 991 Theoetisti
1611 960 1645 992 de
1665 959 1784 1001 ragone.
1809 960 1843 994 V.
1866 960 1985 1003 ragone.

1257 1009 1341 1041 Lenta
1362 1008 1499 1041 Paschalis
1520 1009 1591 1043 314.
1615 1009 1649 1042 V.
1673 1010 1781 1044 Tereus
1802 1010 1927 1044 Ioannes.

1257 1061 1388 1094 Lentitius
1406 1060 1563 1093 Theodorus
1584 1071 1609 1093 v.
1636 1062 1685 1094 78.

1258 1109 1424 1152 Δεντζοῦλοι
1446 1111 1519 1151 356,
1542 1112 1715 1155 Διντζοῦλον
1736 1113 1809 1154 428,
1832 1113 1926 1147 lintea.

1257 1161 1311 1193 Leo
1334 1160 1421 1194 abbas
1441 1161 1474 1195 S.
1497 1162 1633 1195 Benedicti
1655 1163 1685 1196 4.

1259 1229 1300 1236 —-
1320 1211 1534 1255 archipresbyter
1554 1218 1581 1245 et
1603 1212 1755 1247 tabularius
1776 1212 1897 1247 Cirelarii
1917 1213 1990 1253 325,
2013 1214 2085 1247 375.

1257 1279 1298 1285 -
1321 1260 1396 1294 Elias
1415 1261 1487 1294 lilius
1508 1271 1571 1295 curn
1593 1262 1727 1296 Columba
1742 1265 1801 1297 eius
1820 1273 1908 1298 uxore
1929 1264 2015 1297 vendit
2035 1264 2199 1298 territorium
2214 1269 2241 1298 et

1298 1312 1402 1344 vineam
1424 1313 1587 1345 monasterio
1615 1312 1648 1345 S.
1670 1314 1769 1346 lilariae
1796 1314 1829 1346 de
1853 1314 1978 1348 Pertusia
2000 1314 2059 1347 169
2077 1340 2085 1354 ,
2109 1318 2136 1347 et
2156 1315 2238 1348 donat

1299 1362 1438 1403 praedium
1459 1362 1544 1394 eidem
1566 1365 1727 1396 monasterio
1747 1364 1821 1398 227.
1940 1367 1945 1372 “

1257 1430 1299 1436 -
1319 1414 1458 1455 epiecopus
1480 1413 1648 1446 llieracensis
1670 1415 1742 1454 321,
1765 1416 1838 1448 357.

1258 1481 1299 1487 —-
1320 1468 1347 1496 et
1367 1463 1522 1496 Alexander
1543 1464 1722 1507 lmperatores
1742 1466 1771 1503 3,
1795 1468 1826 1499 4.

1258 1534 1298 1540 -
1322 1516 1358 1548 Vl
1381 1516 1531 1559 Imperator
1542 1517 1574 1557 2,
1591 1522 1619 1550 et
1640 1518 1754 1561 praefat.
1776 1527 1802 1561 p.
1827 1518 1902 1551 XXl.
1929 1518 1961 1551 V.
1978 1517 2242 1554 Menantenum'ca-

1299 1576 1416 1603 aroenae.

1259 1635 1299 1642 --
1320 1616 1466 1651 Ischaaacii
1488 1617 1599 1651 Comitis
1619 1619 1688 1652 illius
1711 1619 1763 1659 29,
1787 1620 1837 1652 36.
1863 1620 1895 1653 V.
1920 1620 2093 1655 leenanacius
2115 1621 2221 1655 Comes.

1259 1685 1300 1692 —
1320 1668 1354 1701 de
1375 1669 1493 1701 Maialda
1515 1668 1625 1702 baiulus
1646 1669 1794 1713 lmperialis
1817 1670 1867 1709 18,
1890 1670 1942 1703 22.

1259 1735 1300 1742 -—
1319 1719 1439 1750 notarius
1460 1718 1601 1761 presbyter
1621 1719 1673 1752 94.

1259 1787 1300 1793 -
1320 1769 1442 1802 notarius
1463 1770 1648 1811 lton-elimino,
1671 1770 1744 1803 281.

1260 1837 1300 1843 -
1321 1820 1441 1852 notarius
1461 1819 1568 1852 Casiani
1591 1820 1662 1852 309.
1754 1855 1755 1858 Ἴ

1260 1889 1300 1895 -
1321 1872 1442 1904 notarius
1463 1871 1616 1904 coium-arii
1637 1872 1709 1905 202.

1260 1940 1301 1947 -
1323 1924 1442 1956 notarius
1462 1924 1561 1956 Curiae
1585 1924 1654 1962 118,
1681 1925 1750 1957 150.

1261 1990 1302 1997 —-
1323 1974 1442 2005 notarius
1465 1974 1594 2016 Episcopii
1618 1975 1687 2013 158,
1713 1976 1784 2015 159,
1811 1975 1880 2015 100,
1910 1977 1976 2009 169.

1261 2043 1301 2049 —-
1322 2026 1443 2058 notarius
1463 2025 1495 2058 S.
1519 2026 1654 2058 Nicodemi
1678 2027 1746 2060 161.
1765 2027 1798 2060 V.
1822 2028 2009 2061 ltlonasterium
2025 2027 2076 2061 SS.
2103 2029 2238 2062 Trinitatis

1304 2077 1463 2109 Venusinae.

1260 2146 1301 2152 —
1322 2129 1488 2170 praepositus
1509 2130 1660 2161 monasterii
1684 2130 1864 2162 Ereinitarum
1888 2131 1957 2163 128.

1261 2198 1302 2204 --
1323 2184 1466 2222 protopape
1486 2185 1514 2211 et
1535 2180 1686 2214 tabularius
1706 2180 1815 2214 Briatiei
1838 2182 1907 2215 142.

1262 2249 1302 2255 -
1322 2230 1611 2273 Spatliarocandidatus
1631 2231 1662 2270 2,
1685 2241 1702 2263 a
1717 2233 1837 2271 secretis,
1852 2237 1879 2265 et
1900 2234 1980 2265 iudex
1995 2232 2197 2275 Longoharaiae
2212 2238 2239 2266 et

1302 2282 1443 2315 Calabriae
1463 2283 1516 2314 22.
1540 2283 1572 2314 V.
1596 2281 1736 2326 Catapani.

1262 2353 1303 2359 —
1324 2334 1490 2367 Turmarclia
1511 2334 1581 2366 lilius
1603 2334 1744 2367 Romualdi
1769 2335 1820 2368 10.

1263 2387 1393 2419 Leonardi
1413 2386 1611 2427 (Menasterium
1633 2386 1679 2427 S.)
1700 2386 1773 2419 429.

1263 2439 1351 2471 Leone
1373 2439 1497 2480 (loannes
1519 2438 1562 2479 de)
1584 2442 1605 2470 t.
1633 2439 1701 2471 106.

1264 2490 1359 2522 Leonis
1382 2490 1512 2529 (Ecclesia
1533 2488 1578 2530 S.)
1599 2490 1697 2521 donata
1724 2492 1884 2522 monasterio
1907 2493 1936 2522 S.
1963 2491 2074 2533 Philippi
2096 2501 2111 2523 a
2133 2492 2243 2526 Leontio

1305 2541 1424 2582 episeopo
1447 2539 1571 2572 Locrensi
1593 2539 1643 2572 90.

1265 2610 1305 2616 -
1326 2591 1419 2634 (Vallis
1439 2591 1485 2632 S.)
1507 2596 1598 2623 vocata
1613 2592 1645 2623 de
1661 2592 1764 2624 domino
1778 2592 1907 2625 Franeino
1922 2594 1947 2624 in
1965 2601 2031 2635 agro
2051 2592 2152 2626 Catecii
2168 2594 2241 2627 497.

1265 2644 1365 2676 Leontii
1386 2643 1584 2684 (Monosterium
1606 2643 1652 2684 S.)
1674 2644 1706 2676 V.
1729 2645 1843 2677 lilonast.

1266 2695 1403 2728 Leontitza
1411 2694 1601 2727 Constantinus
1610 2696 1729 2728 antistes
1739 2698 1891 2729 monasterii
1898 2697 1927 2728 S.
1940 2698 2012 2729 Petri
2019 2698 2164 2740 imperialis
2178 2699 2242 2731 10³.

1267 2745 1409 2778 Leontitzis
1431 2755 1456 2777 v.
1483 2745 1532 2777 76.

1269 2796 1394 2829 Leontius
1415 2798 1552 2839 episcopus
1573 2796 1721 2830 Locrensis.
1747 2798 1780 2830 V.
1802 2799 1932 2841 Episcopi.

1269 2867 1308 2873 —
1331 2848 1503 2891 Praepositus
1523 2849 1577 2882 SS.
1600 2848 1736 2882 Trinitatis
1758 2849 1893 2882 cavensis.
1918 2850 1951 2883 V.
1975 2851 2176 2884 Monasterium.

1270 2919 1310 2925 --
1331 2901 1388 2941 (S.)
1411 2900 1552 2932 Calabriae
1567 2900 1790 2943 pagus—Montio
1804 2901 1920 2934 eiusdem
1933 2901 2005 2940 286,
2018 2903 2248 2935 478-1tloiondi-

1311 2962 1376 2985 num
1398 2952 1550 2985 monasterii
1563 2953 1595 2985 S.
1611 2951 1713 2984 Leontii
1729 2954 1755 2985 in
1769 2952 1820 2986 liae
1841 2956 1913 2986 terra
1936 2955 2016 2987 situm
2039 2955 2242 2988 57-Venditie

1314 3005 1403 3036 vineae
1426 3005 1452 3036 in
1474 3012 1539 3046 agro
1562 3004 1644 3045 ipsius
1666 3002 1738 3036 228.
