2652 3762
1318 378 1366 390 ...
1384 360 1431 396 ω
1446 376 1492 388 -

1316 443 1487 498 XLVII.

1002 570 1149 629 (1076)
1167 596 1222 604 —
1237 574 1360 618 nense
1379 563 1558 630 Aprili—³
1570 575 1699 620 lnssiet.
1717 577 1803 621 xiv.

400 696 531 734 Michael
555 697 730 745 Imperator
752 695 889 732 concedit
913 693 1057 731 coenobio
1075 687 1386 743 Casineasihunnuas
1399 697 1496 733 libras
1511 699 1587 733 auri
1602 708 1741 746 quatuor
1755 710 1782 736 et
1798 700 1923 748 viqintt‘,
1937 708 1964 738 et
1976 709 2114 750 quatuor
2133 700 2246 750 pallia,
2271 708 2306 736 ut
2331 713 2389 749 pro

848 765 925 801 pace
949 753 1031 790 inter
1054 756 1241 791 christianos
1264 755 1480 790 constituenda
1503 757 1648 791 monachi
1671 759 1820 793 attentius
1843 766 1943 794 orent.

448 858 642 903 Preceptum
666 854 833 891 michaelis
857 857 1052 892 constantini
1076 857 1306 904 imperatoris;
1342 862 1379 891 ut

402 913 491 951 omni
514 924 600 947 anno
624 914 761 949 Sanctus
784 914 979 956 Benedictus
1008 914 1146 961 accipiat
1176 913 1249 948 auri
1279 912 1379 948 libras

401 970 541 1005 XXIIII.
568 975 601 1005 et
625 970 723 1017 pallia
748 971 824 1006 1111.

449 1029 485 1063 In
502 1034 697 1075 provectum
713 1028 873 1064 extollere
889 1028 929 1064 ad
943 1028 1080 1076 jacentia
1098 1027 1179 1069 deo;
1199 1032 1231 1063 et
1249 1027 1283 1062 in
1307 1038 1379 1062 ma-

398 1088 505 1135 jorem
520 1089 766 1134 perfectumque
783 1087 856 1122 inde
863 1093 1015 1122 ornatum
1030 1087 1221 1134 perducere;
1236 1086 1378 1133 optabile

400 1147 480 1194 quid
495 1153 544 1182 est
559 1153 643 1182 esset
659 1147 734 1182 satis
751 1146 931 1193 probabile.
950 1146 1075 1181 Sanctis
1091 1158 1222 1193 quoque
1247 1150 1280 1180 et
1298 1145 1376 1180 reli-

398 1204 497 1251 giosis
514 1204 593 1239 locis
609 1204 723 1250 largiri
740 1216 777 1239 ea
790 1215 873 1250 quae
892 1203 930 1239 ad
944 1204 1240 1250 augmentationem
1254 1209 1286 1238 et
1296 1215 1377 1238 exa-

399 1262 600 1309 gerationem
624 1268 700 1298 sunt
724 1263 959 1298 monachorum
984 1262 1018 1297 in
1034 1263 1157 1298 eisdem
1174 1262 1375 1298 manentium

401 1326 434 1354 et
459 1320 673 1356 incessantem
697 1320 965 1368 glorificationem
987 1321 1047 1357 deo
1074 1320 1222 1356 omnium
1240 1321 1378 1356 afferen-

406 1377 489 1413 tium
506 1389 630 1425 equum
658 1383 707 1414 est
725 1384 759 1414 et
787 1379 992 1413 rationabile.
1013 1379 1059 1414 Ea
1076 1383 1210 1426 propter
1228 1383 1376 1413 nostrum

400 1436 578 1484 imperium
593 1449 654 1484 pro
670 1441 759 1472 certa
765 1461 835 1473 .....
855 1437 1009 1485 quoniam
1028 1437 1217 1472 benefacere
1242 1441 1276 1471 et
1292 1448 1376 1484 quo-

401 1507 467 1542 que
485 1501 522 1531 ut
538 1495 658 1531 dicitur
681 1495 732 1530 die
750 1495 898 1531 misereri
913 1495 975 1531 deo
992 1502 1041 1532 est
1061 1506 1242 1543 congruum
1266 1502 1300 1531 et
1316 1495 1379 1530 im·

401 1553 607 1601 peratoribus
621 1565 687 1589 una
705 1553 838 1601 quidem
864 1558 982 1589 natura
1010 1553 1224 1588 substitutum
1243 1578 1252 1588 .
1282 1552 1378 1588 alteri

401 1618 482 1647 vero
498 1612 656 1659 positione
672 1616 806 1658 propter
822 1610 1021 1646 adiacentem
1031 1610 1263 1646 beatitudinem
1276 1610 1379 1657 parti-

399 1669 582 1716 cipantibus
597 1669 683 1704 hanc
709 1670 881 1705 virtutem.
899 1670 1025 1704 Verum
1049 1668 1262 1704 celeberrima
1279 1675 1312 1704 et
1330 1670 1379 1704 sa-

398 1728 580 1763 mosissima
601 1727 734 1764 ecclesia
763 1733 948 1763 constructa
980 1727 1014 1762 in
1041 1728 1173 1762 nomine
1200 1728 1379 1763 beatissimi

399 1786 503 1832 patris
519 1785 621 1821 nostri
635 1787 803 1821 Benedicti
827 1786 888 1821 sita
910 1785 997 1820 italis
1021 1786 1139 1821 finibus
1159 1792 1294 1834 propter
1310 1798 1380 1823 esse

1421 868 1493 890 eam
1510 856 1684 892 admodum
1712 859 2011 895 venerantissimam
2035 872 2073 896 ac
2097 862 2304 897 sacerrimam
2327 872 2391 896 non

1421 915 1527 951 solum
1544 916 1579 951 in
1595 917 1662 952 oris
1680 917 1823 952 occiduis
1840 930 1957 953 verum
1982 919 2079 954 etiam
2104 919 2137 955 in
2157 921 2224 956 eois
2239 920 2390 956 laudatur

1421 980 1620 1021 propagatur
1633 980 1665 1009 et
1678 975 1852 1010 excolitur.
1868 987 1929 1011 nee
1938 981 2055 1011 ornatu
2067 982 2100 1011 et
2113 977 2234 1013 divitiis
2250 983 2391 1013 tantum.

1420 1044 1536 1068 verum
1553 1033 1661 1080 potius
1676 1033 1855 1069 virtutibus
1871 1033 1996 1070 abbatis
2011 1047 2098 1070 nunc
2114 1035 2148 1070 in
2172 1047 2209 1070 ea
2225 1035 2395 1071 existentis

1419 1088 1587 1130 desiderii;
1606 1090 1708 1137 patris
1732 1091 1834 1125 nostri
1860 1091 1980 1138 jmperi
2008 1091 2307 1139 discipulorumque
2324 1093 2394 1140 ejus

1419 1151 1531 1193 utpote
1556 1146 1616 1181 deo
1645 1147 1769 1193 placide
1793 1152 1827 1182 et
1851 1153 2072 1195 competenter
2094 1148 2337 1184 conviventium
2361 1154 2395 1184 et

1419 1217 1536 1241 verum
1552 1205 1641 1240 dictu
1659 1206 1777 1253 spiritu
1793 1206 1974 1242 viventium
1991 1212 2024 1242 et
2035 1207 2166 1242 domino
2182 1207 2396 1242 servientium

1418 1262 1637 1309 indigentibus
1652 1263 1832 1299 necessaria
1850 1264 1987 1299 exibens
2005 1265 2116 1300 statuit
2128 1268 2275 1298 nostrum
2292 1263 2396 1309 impe-

1418 1323 1507 1357 rium
1531 1322 1708 1359 concedere
1733 1323 1795 1371 ipsi
1813 1323 1948 1359 cenobio
1964 1323 2145 1359 annualiter
2162 1335 2222 1369 pro
2239 1322 2344 1357 salute
2361 1332 2396 1356 a-

1418 1380 1526 1415 nimae
1543 1387 1672 1416 nostrae
1690 1393 1734 1417 ex
1751 1381 1871 1427 palatio
1892 1386 2004 1416 nostro
2021 1380 2184 1428 pensionis
2202 1380 2306 1427 gratia
2328 1378 2401 1415 auri

1418 1438 1519 1472 libras
1543 1439 1682 1473 XXIIII.
1709 1443 1742 1473 et
1766 1437 1864 1485 pallia
1889 1443 2058 1484 quattuor.
2085 1437 2136 1472 Ad
2161 1436 2396 1472 monachorum

1421 1496 1722 1531 substentationem.
1749 1500 1785 1530 ut
1812 1495 1968 1531 attentius
1983 1500 2076 1530 orent
2093 1503 2153 1541 pro
2170 1494 2398 1529 constitutione

1422 1553 1510 1599 pacis
1534 1553 1818 1588 Christicolarum.
1846 1554 1954 1595 Quam
1982 1552 2025 1587 ob
2051 1563 2119 1586 ren·
2147 1562 2298 1598 praesens
2325 1549 2398 1584 auri

1421 1612 1544 1646 bullam
1571 1624 1670 1647 manu
1693 1612 1827 1659 propria
1851 1612 1954 1647 nostri
1967 1612 2089 1660 jmperi
2107 1611 2208 1646 minio
2224 1608 2399 1656 subscripsi

1421 1681 1532 1705 mense
1550 1670 1663 1716 aprilis
1680 1670 1857 1705 Indictione
1874 1667 1951 1704 1111'.

1470 1729 1608 1764 Michael
1632 1729 1666 1763 in
1691 1728 1813 1763 cbristo
1837 1728 1898 1763 deo
1921 1727 2125 1763 fidelissimus
2149 1727 2326 1774 imperator
2343 1735 2396 1760 ro-

1422 1798 1597 1823 manorum
1614 1785 1671 1832 qui
1688 1791 1720 1820 et
1737 1785 1818 1820 dux.

1517 1860 1578 1902 (ax
1593 1860 1662 1902 neg.
1679 1859 1754 1891 Petri
1768 1859 1956 1893 niam-rol.
1973 1859 2084 1899 cxvii,
2100 1868 2129 1891 n.
2148 1859 2237 1900 145.)

1303 1977 1496 2033 XLVIII.

991 2084 1104 2129 ¹084
1115 2109 1169 2116 —
1178 2086 1299 2131 Mense
1317 2088 1514 2132 Februario
1529 2112 1582 2118 —
1593 2088 1723 2132 Iudict.
1746 2089 1821 2132 vlt.

405 2193 591 2230 Stratelatus
615 2193 704 2240 filius
728 2194 858 2231 Ioannis
882 2195 1014 2230 Nicolao
1039 2196 1181 2231 Patricio
1198 2198 1296 2234 tradit
1313 2197 1489 2245 speluncam
1501 2199 1639 2246 positam
1655 2198 1724 2233 loco
1740 2198 1834 2244 vulyo
1850 2197 1934 2233 dicto
1954 2178 2108 2238 Gavasut
2131 2196 2165 2231 ἰη
2189 2205 2225 2232 cu
2249 2201 2405 2243 trapetum

500 2252 647 2300 impensis
671 2253 772 2300 ipsius
795 2254 921 2290 Νἱοοῖαὶ
944 2262 1129 2297 eximatur,
1155 2263 1284 2303 uterque
1307 2268 1379 2293 vcro
1402 2265 1471 2294 tum
1495 2257 1641 2304 spelunca
1658 2264 1725 2292 tum
1741 2262 1862 2304 trapeto
1886 2254 2044 2291 communi
2067 2254 2136 2289 iure
2159 2260 2305 2289 utantur.

448 2353 479 2400 †
502 2352 606 2400 σι’γνον
629 2350 731 2401 χειρὸς
753 2350 993 2402 στρατηλάτῃ.
1019 2350 1091 2391 υἱοῦ
1113 2353 1240 2392 ἷῶοίννου
1253 2354 1320 2393 ,τοῦ
1335 2355 1383 2392 vl-

405 2408 443 2445 οῦ
467 2407 619 2445 νικολαόυ
642 2406 861 2455 ἀποιχομένου
884 2410 949 2446 τοῦ
972 2409 1007 2446 ἔκ
1030 2411 1221 2459 προσώπου.
1249 2412 1303 2449 Ἐγ
1319 2414 1383 2449 ὀνό-

403 2480 486 2507 ματι
511 2466 575 2504 τοῦ
598 2465 735 2514 πατρὸς.
762 2465 818 2503 καὶ
842 2466 907 2504 τοῦ
931 2468 1012 2506 υἱοῦ.
1030 2468 1165 2507 καὶτοῦ
1180 2466 1277 2517 ἁγίου
1291 2467 1382 2507 πνεό-

403 2536 519 2563 ματος.
546 2524 584 2558 0‘
600 2522 854 2572 ἀνατεταγμίνος
869 2531 1126 2575 στρατηλάτης.
1153 2528 1170 2563 ὁ
1194 2521 1252 2564 τᾶν
1274 2525 1381 2571 τίμιον

404 2580 457 2617 καὶ
484 2580 640 2625 ζωοποιόν
664 2581 798 2631 σταυρὸν
821 2580 1003 2633 ἷδιοχείρως
1026 2583 1189 2634 χαροίξας,
1216 2587 1259 2621 τό
1283 2585 1381 2635 »παρὸν

403 2641 466 2679 eris
491 2640 710 2681 caumatum
734 2642 910 2689 ἔγγραφον.
935 2636 956 2678 ’ὃ
979 2643 1101 2690 ποίγιον
1124 2641 1180 2679 καὶ
1207 2641 1318 2693 ὀχυρὸν
1343 2646 1381 2685 εἷς

404 2697 450 2733 ἀεὶ
474 2695 611 2741 διαμενεῖ
629 2699 783 2744 ποιοῦμαι
809 2697 982 2743 ἰδιοθελῶς
1007 2703 1061 2739 καὶ
1079 2699 1377 2752 αὐτοπροαιρέτως.

405 2756 481 2805 πρός
504 2754 537 2793 σέ
562 2757 707 2794 νικόλαον
731 2756 906 2809 πατρίκιον
930 2762 988 2797 τὸν
1009 2761 1073 2798 τοῦ
1093 2759 1280 2811 μακαρίτου
1294 2766 1381 2797 λεον-

403 2814 506 2859 τίτζη
522 2842 531 2859 ,
570 2813 624 2851 καὶ
651 2815 728 2864 πρὸς
751 2819 841 2855 ἅπαν
870 2817 914 2855 τὸ
939 2821 1031 2856 κατὰ
1055 2817 1089 2856 σὲ
1112 2816 1204 2869 με’ρος
1218 2847 1229 2863 ,
1255 2817 1377 2860 οὕτως·

404 2868 542 2917 Ἐπειδὴ
565 2872 607 2908 τὸ
631 2874 695 2921 περὶ
720 2874 782 2918 τὴν
800 2874 973 2925 ἐγχωρίους
990 2874 1160 2924 λεγομένην
1177 2875 1278 2914 κοίυοιν
1293 2876 1380 2919 σπή-

404 2930 496 2966 λαιόν
520 2943 581 2971 μου
605 2926 831 2978 παραδέδωκα(
849 2945 898 2970 σοι
925 2934 952 2971 ἐν
967 2931 1119 2972 τοιούτω
1135 2933 1267 2983 τρόπω·
1286 2935 1329 2974 ὡς
1344 2925 1380 2971 σ’ἶν

403 2982 429 3020 ἓν
454 2983 548 3022 αὐτῶ
570 2983 601 3026 ἐξ
626 2985 740 3025 οἷκειόυ
755 3000 814 3027 σου
829 2989 933 3028 κόπου
949 2991 1004 3027 καὶ
1023 2988 1252 3035 ἀναλώματος.
1271 2989 1380 3029 ἔλαιο-

1469 2355 1500 2404 †
1523 2356 1659 2403 Signum
1674 2365 1789 2391 manus
1804 2353 1969 2391 Stratelati
1986 2352 2044 2388 Iilii
2062 2351 2204 2392 Ioannis,
2222 2350 2281 2387 filii
2300 2351 2400 2387 Nico-

1423 2416 1466 2452 lai
1490 2415 1654 2451 demortui
1693 2414 1821 2451 vicarii.
1861 2414 1898 2448 In
1922 2412 2052 2447 nomine
2076 2410 2182 2455 Patris
2200 2436 2211 2451 ‚
2241 2415 2275 2445 et
2298 2409 2374 2445 Filii
2390 2435 2400 2450 ,

1423 2479 1457 2509 et
1481 2472 1621 2520 Spiritus
1645 2471 1768 2506 Sancti.
1788 2471 1892 2517 Supra
1909 2469 2102 2505 constitutus
2119 2466 2325 2507 Stratelatus,
2345 2465 2403 2513 qui

1428 2531 1650 2567 honorandam
1674 2542 1713 2566 ac
1733 2529 1896 2565 vivificam
1912 2538 2042 2563 crucem
2059 2526 2191 2573 propria
2208 2536 2307 2560 manu
2325 2535 2402 2560 exa-

1423 2592 1492 2627 ravi
1508 2617 1517 2632 .
1546 2594 1748 2637 praesentem
1772 2587 1968 2634 scripturam
1992 2584 2227 2624 conventionis,
2247 2595 2330 2631 quae
2347 2583 2404 2617 lir-

1421 2660 1474 2683 ma
1491 2653 1524 2682 et
1541 2646 1663 2682 stabilis
1688 2656 1815 2691 semper
1839 2642 2054 2690 permanebit,
2082 2641 2165 2676 facio
2189 2639 2320 2686 propria
2346 2651 2402 2674 vo-

1421 2706 1546 2740 luntate
1576 2710 1609 2739 et
1633 2701 1866 2738 deliberatione
1891 2700 1950 2735 tibi
1975 2699 2109 2735 Nicolao
2134 2698 2276 2733 Patricio
2294 2723 2303 2738 ,
2335 2697 2403 2732 filio

1420 2762 1565 2798 defuncti
1597 2760 1758 2799 Leontitzi
1778 2785 1787 2801 ,
1823 2765 1856 2794 et
1887 2757 2060 2793 universae
2093 2755 2180 2803 parti
2205 2760 2280 2790 tuae
2303 2780 2311 2793 ‚
2345 2754 2402 2790 tali

1420 2822 1528 2858 modo.
1555 2820 1717 2863 Quoniam
1746 2817 1863 2853 tradidi
1889 2816 1947 2851 tibi
1971 2815 2158 2862 speluncam
2174 2824 2281 2848 meam
2297 2813 2331 2847 in
2353 2813 2402 2847 lo-

1421 2890 1459 2913 co
1483 2878 1582 2924 vulgo
1606 2876 1692 2911 dicto
1716 2876 1800 2910 Cava
1818 2899 1826 2914 ‚
1859 2872 1921 2907 hoc
1952 2876 2047 2918 pacto
2066 2896 2075 2911 ,
2110 2875 2148 2905 ut
2172 2870 2206 2904 in
2230 2869 2299 2915 ipsa
2326 2879 2403 2915 pro·

1421 2935 1492 2982 prio
1515 2940 1573 2969 tuo
1598 2933 1708 2967 labore
1731 2936 1764 2967 et
1787 2930 1930 2977 impensa
1955 2933 2120 2975 trapetum
2145 2931 2339 2965 extruens,
2367 2931 2399 2960 et

1419 2991 1541 3028 affabre
1566 2989 1693 3037 reliqua
1721 2998 1821 3036 opera
1849 2985 1890 3022 ad
1920 2985 1983 3022 boc
2013 2983 2194 3021 necessaria
2225 2981 2369 3018 efficeres
2390 2993 2397 3017 :
