2560 3646
1247 410 1445 446 -593-

334 471 450 503 loannes
470 473 591 504 notarius
613 473 665 506 -11,
1018 502 1020 504 -

335 541 376 547 -—
399 523 575 567 palaeologus
596 526 746 568 Imperator
767 527 839 559 534.
867 527 899 558 V.
925 526 1114 568 palaeologus.

335 593 377 598 —
400 574 646 619 Porpliyrogcuitus
668 580 816 620 Imperator
838 579 909 609 511.

336 645 377 651 --
399 628 540 670 presbiter
560 635 587 662 et
608 632 729 663 notarius
751 630 914 671 Cyr—Zosimi
937 631 989 667 47,
1015 631 1085 668 111,
1111 630 1180 669 lat.
1205 631 1275 664 340.

335 696 377 702 —
399 680 541 721 presbyter
561 684 588 712 et
609 681 760 712 tabularius
782 681 907 712 Panormi
929 680 1002 718 288,
1025 680 1096 712 315.

335 747 378 752 -
399 734 542 772 protopapa
564 736 592 762 et
612 730 763 763 tabularius
784 729 907 762 Cirelarii
929 730 1000 763 300.

336 798 376 805 -
400 779 561 822 Spatharius
582 781 634 813 57.

338 848 379 854 —
400 831 434 863 de
456 831 556 864 Turma
578 832 717 874 episeopus
738 833 893 865 Tursiensis
915 833 985 866 116.

336 898 377 906 -
397 882 457 923 (S.)
478 884 505 914 in
525 892 592 924 agro
613 883 735 916 Circlarii
757 886 830 919 375.

335 949 378 956 -
397 931 455 973 (S.)
475 933 687 967 Mamilladorum
708 936 781 968 458.

336 1002 378 1007 -—
400 984 457 1026 (S.)
478 985 504 1016 in
526 986 642 1018 italiana
663 989 733 1030 apud
748 989 878 1022 Asculum
902 989 952 1027 11,
965 988 1018 1027 25,
1042 989 1084 1022 vel
1104 989 1136 1020 dc
1160 987 1243 1021 llutta
1265 988 1317 1026 ⁰25,

337 1054 380 1059 -
401 1036 459 1078 (S.)
481 1037 515 1069 de
537 1037 662 1071 Theristo
682 1039 755 1078 217,
777 1040 848 1071 558.

335 1086 445 1119 loannis
466 1087 586 1128 (canalis
607 1090 651 1130 S.)
672 1090 744 1131 apud
765 1090 870 1122 Nobam
892 1090 943 1121 96.

334 1153 376 1161 -
397 1138 531 1178 (Ecclesia
552 1138 596 1180 S.)
616 1139 753 1181 Baptistae
775 1140 825 1172 70.

334 1204 377 1211 —-
397 1188 529 1227 (Ecclesia
550 1189 596 1229 S.)
615 1190 649 1221 de
672 1189 745 1221 Valle
766 1189 868 1222 Polluci
891 1191 922 1222 2.

333 1258 376 1263 —
397 1241 531 1280 (Ecclesia
553 1241 599 1282 S.)
620 1241 754 1283 Baptistae
778 1242 960 1275 Eremitaruin
973 1244 1045 1277 325.
1060 1245 1093 1277 V.
1112 1246 1315 1278 lllonastcrium.

332 1308 375 1314 ——
396 1290 527 1331 (Ecclesia
549 1291 596 1332 S.)
616 1292 743 1333 Theologi
765 1293 839 1326 392.

331 1360 374 1366 --
396 1343 596 1383 (Mon-asterium
619 1343 664 1384 S.)
685 1344 719 1375 de
739 1345 823 1377 Alaro
844 1345 916 1378 397.
941 1347 973 1378 V.
1000 1348 1116 1381 illonast.

333 1412 375 1418 —
397 1395 523 1434 (lllonast.
546 1394 593 1435 S.)
614 1395 649 1426 de
671 1395 782 1428 Calveto
806 1398 875 1434 129,
902 1398 974 1431 225.
999 1399 1032 1430 V.
1057 1400 1173 1432 lilonast⁴

336 1462 377 1467 —
398 1444 525 1484 (illonast.
549 1445 595 1486 S.)
616 1446 650 1477 de
671 1447 786 1485 Cuculo,
811 1447 884 1486 179,
907 1448 981 1487 201,
1005 1449 1077 1481 337.
1107 1450 1136 1482 V.
1161 1451 1275 1484 Muuast.

333 1513 373 1519 —
394 1495 520 1536 (Monast.
544 1496 590 1538 S.)
613 1497 801 1540 Evangelistae
819 1508 903 1542 prope
925 1500 1092 1533 Paaormum
1114 1502 1188 1534 249.
1212 1503 1245 1535 V.
1262 1504 1318 1535 Mo-

374 1547 536 1579 nasterium.

331 1616 372 1621 —
395 1598 572 1640 (Monast.S.)
586 1600 620 1632 de
631 1600 710 1634 Flore
724 1601 878 1641 357,373‚
895 1603 968 1642 376,
985 1604 1057 1642 384,
1074 1603 1145 1637 389.
1165 1606 1314 1639 V.llionast.

330 1667 371 1673 —
393 1651 518 1687 (Monesi.
542 1651 589 1692 S.)
611 1653 637 1683 iu
656 1653 763 1685 civitate
784 1654 893 1686 Tarenti
916 1655 966 1688 66.

330 1716 370 1722 -
393 1700 509 1738 (Puteus
532 1701 578 1742 S.)
598 1711 626 1734 n.
651 1702 670 1734 l.
696 1712 778 1745 prope
800 1705 948 1737 Tarentum
970 1706 1021 1739 43.

329 1768 370 1773 —-
391 1751 484 1789 (Vallis
506 1751 551 1793 S.)
574 1753 599 1783 in
620 1762 686 1794 agro
708 1753 865 1787 Seminarae
886 1757 959 1789 493.

331 1802 412 1833 leriae
433 1803 505 1835 Petri
527 1803 642 1836 Luciferi
664 1805 723 1843 lilii,
746 1812 773 1838 et
787 1807 968 1841 Alexandriae
984 1804 1130 1852 Tzangaris
1145 1812 1254 1845 tabulae
1266 1822 1315 1846 nu-

371 1853 465 1894 ptiales
486 1854 558 1886 321.

332 1902 440 1934 lordani
462 1908 534 1936 terra
557 1905 629 1936 322.

331 1952 465 1986 lordanus
485 1955 623 1996 presbster
637 1956 709 1995 214,
734 1959 805 1997 542,
823 1963 943 1993 notarius
964 1966 991 1994 et
1013 1964 1164 1997 tabularius
1183 1966 1303 1998 Circiarii

375 2004 448 2042 235,
473 2006 546 2044 2-14,
570 2007 642 2046 303,
666 2008 738 2042 375.
930 2048 932 2050 ,

332 2057 467 2089 iordanes
488 2057 599 2091 Gabriel
620 2061 733 2101 praefat.
757 2072 785 2104 p.
810 2064 870 2095 XV.

332 2105 453 2138 narona
474 2107 507 2138 aa
527 2108 588 2139 neu
609 2117 638 2141 n.
661 2109 681 2141 1.
709 2111 736 2142 in
757 2103 825 2154 agris
846 2113 1000 2147 eoiubma
1022 2117 1092 2154 145.

332 2156 411 2187 irene
433 2156 669 2196 (Bartholomaeus
689 2160 736 2200 de)
757 2166 778 2193 t.
803 2163 874 2196 161.

330 2224 370 2229 -
393 2207 472 2239 vidua
494 2207 539 2239 iiiii
561 2208 633 2241 Petri
653 2210 687 2241 de
707 2210 775 2243 Leia
795 2211 934 2246 hortulum
956 2215 1039 2247 donat
1066 2218 1170 2250 notario
1192 2219 1314 2251 michaeli

371 2260 431 2290 cius
451 2260 540 2300 nepoti
560 2259 633 2291 293.

331 2326 371 2332 -
393 2309 473 2341 vidua
494 2310 588 2341 notarii
610 2310 712 2342 Nicolai
735 2310 849 2354 Rhegini
870 2322 933 2346 cum
954 2314 1016 2347 filiis
1044 2316 1132 2348 Leone
1164 2323 1191 2350 ct
1220 2319 1313 2351 Sibilia

374 2361 462 2393 vendit
483 2361 598 2403 Rogerio
618 2362 723 2395 alar-rae
743 2364 811 2396 duos
824 2364 946 2398 hortulos
959 2367 985 2398 in
1001 2377 1068 2408 agro
1082 2369 1224 2408 Nicotcrae
1239 2371 1309 2403 330.

332 2411 442 2444 isaacus
463 2412 535 2444 filius
555 2413 704 2455 presbyteri
726 2415 812 2447 lsaaci
839 2417 951 2459 eiusque
973 2418 1042 2451 iilius
1067 2420 1164 2453 Petrus
1197 2424 1314 2455 vendunt

372 2462 465 2494 ioanni
486 2463 599 2495 Martino
618 2469 735 2505 quatuor
756 2467 888 2507 portiones
916 2470 1016 2509 praedii
1050 2470 1075 2501 in
1107 2467 1182 2512 agro'
1206 2472 1310 2506 Nicete—

374 2522 421 2545 rae
443 2514 514 2546 3⁴9.

331 2585 373 2590 -
394 2566 487 2599 uhaus
508 2572 529 2598 t.
556 2568 627 2600 278.

331 2618 400 2649 lsari
421 2626 449 2649 n.
471 2618 491 2650 l.
515 2620 540 2650 in
561 2627 628 2660 agro
649 2619 771 2653 Crotonis
793 2622 865 2654 312.

331 2668 403 2705 Isca,
427 2672 523 2708 Ἴσκα,
547 2670 690 2703 Calabriae
714 2671 951 2714 Oppidum—Loci
971 2685 1080 2709 nomen:
1104 2678 1199 2721 Capita
1220 2681 1309 2722 Argil-

372 2719 471 2756 lus-um,
496 2719 700 2758 Κεφαλώματα
721 2723 779 2752 τῶν
799 2722 955 2764 ἀργῦλλων
978 2726 1213 2760 173—Andrcas
1234 2735 1310 2762 nota-

371 2771 430 2803 rius
449 2771 532 2802 buius
552 2772 663 2804 civitatis
683 2774 748 2805 emit
767 2775 901 2815 quaedam
921 2777 1031 2817 praedia
1045 2786 1061 2809 a
1075 2779 1140 2811 Cala
1161 2780 1240 2812 vidua
1262 2781 1310 2813 Ni-

372 2824 448 2852 cetae
469 2821 504 2852 de
523 2821 640 2860 Suraca,
654 2823 722 2855 ibid.

328 2872 504 2905 lsebanacius
523 2872 619 2906 Comes
639 2875 803 2909 Tarentinus
817 2877 969 2911 eta-ttius
982 2880 1053 2912 silius
1063 2881 1117 2913 Leo
1129 2883 1309 2917 venditThco-

369 2924 493 2965 phylacto
513 2924 663 2959 Chimariae
677 2927 732 2960 duo
759 2929 867 2970 praedia
887 2931 999 2963 vinealia
1018 2933 1070 2964 sub
1092 2933 1189 2967 Rascla
1211 2938 1307 2978 posita,

1403 477 1531 509 ecclesiae
1551 478 1582 509 S.
1608 478 1754 511 Memnonis
1776 482 1825 512 38.

1364 526 1467 558 isnardi
1489 529 1560 559 iilius
1581 528 1726 562 aubertus.
1750 532 1783 563 V.
1807 533 1941 563 iiobcrtw

1364 577 1456 609 ltaliae
1477 578 1617 620 Catapani.
1643 580 1675 610 V.
1700 582 1840 622 Catapani.

1363 645 1404 649 -—
1425 627 1488 660 Dux
1509 629 1630 670 Argyrus
1652 631 1702 663 53.
1728 632 1760 662 V.
1786 631 1923 673 Catapani.

1363 697 1403 701 ——
1424 679 1487 711 Dux
1511 680 1654 722 liogcrius.
1680 683 1713 713 V.
1738 682 1880 723 linger-ius.

1362 746 1404 752 —--
1424 728 1491 759 fines
1512 730 1564 760 (52.

1363 797 1403 801 -—
1425 778 1514 810 thema
1540 780 1589 812 11.

1365 830 1472 862 italicae
1493 832 1610 872 regionis
1631 834 1712 864 totius
1734 833 1831 866 Comes
1853 835 1985 877 Rogerius
2009 837 2077 868 101.

1364 882 1427 912 luda
1450 882 1576 913 Nicolaus
1599 886 1620 914 t.
1643 883 1715 914 412.

1362 932 1446 963 Iudae
1467 933 1612 964 iscariotae
1633 934 1818 966 condemnatio
1842 936 1870 973 7,
1895 940 1922 966 et
1943 937 2018 969 alibi.
2043 938 2075 969 V.
2102 937 2321 980 imprecationes.

1362 982 1478 1015 iudaeus
1500 983 1640 1015 Sabbatus
1662 984 1734 1017 428.

1364 1034 1468 1066 ludetta
1490 1045 1562 1068 uxor
1583 1036 1728 1069 Alexandri
1750 1037 1783 1069 de
1806 1037 1986 1069 claromonte.
2013 1039 2044 1070 V.
2070 1039 2251 1072 Claromonte.

1364 1086 1448 1119 ludex
1470 1087 1673 1129 Longobardiae
1694 1094 1721 1120 et
1743 1089 1886 1121 Calabriae
1908 1090 1973 1121 Leo.
1999 1090 2031 1121 V.
2056 1090 2122 1122 Leo.

1363 1136 1494 1169 iudicata.
1519 1138 1552 1170 V.
1578 1139 1742 1172 Sententiae.

1363 1187 1512 1219 iudicatum
1534 1189 1661 1231 biedalspi
1682 1192 1828 1232 imperialis
1848 1192 1984 1234 Spatharii
2007 1202 2054 1235 pro
2076 1193 2107 1224 S.
2132 1194 2267 1225 Benedicti
2281 1202 2342 1225 coe-

1403 1238 1482 1270 nobio
1504 1239 1524 1269 3
1537 1258 1578 1263 —
1592 1241 1714 1282 Gregorii
1736 1242 1931 1275 Trachaniotae
1953 1244 2084 1286 Catapani
2108 1246 2156 1278 11.

1361 1290 1450 1321 ludice
1473 1289 1676 1331 (Constantinus
1698 1293 1742 1333 de)
1766 1294 1918 1326 vicecomes
1939 1294 2047 1327 Caciani
2072 1298 2141 1334 101,
2168 1298 2238 1328 136.

1363 1343 1452 1374 iudice
1473 1342 1584 1383 (Petrus
1604 1343 1646 1384 de)
1667 1349 1694 1375 et
1715 1345 1842 1376 Nicolaus
1873 1347 1907 1377 de
1929 1347 2003 1378 Bona
2037 1349 2152 1380 vendunt
2184 1349 2346 1381 monasterio

1402 1394 1566 1426 Cammaroti
1588 1396 1726 1436 praedium
1748 1397 1864 1437 positum
1886 1398 1912 1428 in
1933 1407 1999 1439 agro
2021 1399 2146 1431 Badulati
2167 1401 2240 1431 478.

1362 1446 1466 1477 ludices
1487 1447 1521 1477 ad
1542 1450 1709 1484 contractus,
1734 1445 1777 1477 ε’·ινὶ
1798 1449 1856 1478 τῶν
1878 1450 2144 1490 συναλλαγμάτω,
2169 1452 2241 1482 417.

1362 1495 1466 1527 ludices
1488 1497 1580 1528 iurati.
1606 1498 1639 1529 V.
1664 1498 1750 1529 iurati
1773 1499 1884 1530 iudices

1360 1545 1501 1586 Iugerum,
1526 1546 1656 1589 Ζευγᾰρι,
1682 1548 1733 1579 et.

1360 1594 1456 1625 iuliani
1477 1595 1610 1634 (Ecclesia
1631 1596 1677 1638 S.)
1700 1597 1772 1629 307.

1361 1644 1481 1676 Iulianus
1503 1645 1560 1686 (S.)
1581 1646 1777 1686 Calogcrorum
1799 1648 1825 1679 in
1848 1656 1913 1689 agro
1935 1649 2029 1681 Nohae
2051 1650 2122 1681 391.

1359 1712 1400 1716 -
1424 1694 1561 1726 l'errunus
1583 1695 1653 1726 453.

1359 1744 1404 1775 lvo
1425 1744 1568 1785 strategus
1593 1746 1662 1777 113.

1360 1796 1442 1827 iurati
1466 1797 1578 1835 iudices,
1602 1798 1695 1839 κριταὶ
1719 1798 1837 1838 ὁμώται,
1862 1801 1935 1839 327,
1959 1802 2029 1838 376,
2057 1804 2128 1840 411,
2152 1808 2178 1835 et
2200 1804 2273 1836 alibi.

1361 1848 1469 1880 iuratus
1492 1851 1619 1890 magister
1640 1850 1710 1882 443.

1360 1898 1520 1929 {unitim-ius
1544 1899 1686 1931 Calabriae
1710 1902 1788 1943 lingo
1810 1904 1843 1935 de
1866 1903 1969 1945 Rhegio
1992 1906 2064 1938 319.

1772 2015 1921 2049 Lea-A

1357 2123 1500 2156 Laelianus
1522 2125 1649 2157 Nicolans
1671 2136 1810 2168 possessor
1832 2129 1924 2160 vineae
1946 2131 1972 2160 in
1993 2139 2060 2171 agro
2082 2130 2195 2163 llieracii
2215 2133 2287 2164 356.

1358 2172 1495 2212 Anzaba,
1519 2185 1588 2216 quac
1611 2176 1763 2217 obtingunt,
1788 2179 1945 2216 obveniunt,
1969 2180 2040 2211 357.

1358 2221 1533 2262 Lssicliybarus
1554 2225 1682 2266 i'lyriacirs
1705 2227 1777 2259 501.
1804 2228 1836 2260 V.
1861 2228 1970 2260 Linatza
1992 2230 2129 2262 Nicolaus.

1356 2290 1396 2294 —
1418 2273 1545 2304 Nicotaus
1566 2275 1703 2315 presbyter
1726 2281 1745 2308 t.
1772 2278 1844 2316 501,
1869 2279 1940 2311 505.

1356 2323 1469 2356 Ladicus
1492 2325 1714 2359 Bartholomaeus
1735 2328 1806 2359 497.
1834 2331 1866 2362 V.
1891 2331 2016 2364 lliinurita
2039 2332 2197 2365 Riccardus.

1355 2375 1480 2414 Ααὲγκης,
1506 2377 1592 2414 vallis,
1618 2378 1668 2410 82.

1355 2427 1428 2468 Lago
1449 2428 1613 2467 (Demetrius
1634 2430 1678 2469 de)
1701 2435 1720 2462 t.
1747 2432 1816 2464 101.

1355 2479 1495 2516 Ararim,
1518 2480 1625 2521 lagena,
1651 2491 1794 2514 mensurae
1816 2492 1912 2525 genus,
1941 2485 2009 2523 103,
2039 2488 2109 2524 170,
2135 2488 2207 2526 293,
2230 2488 2300 2521 334.

1355 2529 1482 2570 Lagodari
1504 2533 1599 2564 iratres
1621 2533 1737 2566 vendunt
1758 2535 1856 2567 Basilio
1886 2535 2004 2568 Calabro
2036 2539 2146 2570 domum
2177 2541 2204 2571 in
2235 2541 2340 2574 civitate

1396 2578 1488 2620 llltcgii
1512 2580 1582 2611 423.

1353 2629 1554 2671 Lagodarorum
1578 2637 1650 2664 terra
1671 2635 1697 2665 in
1719 2636 1881 2676 pertinentiis
1903 2638 2038 2671 blesorum
2061 2641 2133 2673 424.

1352 2680 1552 2724 Λαγολρόμιον,
1576 2684 1682 2717 Cursus
1703 2686 1848 2729 Leporum,
1873 2699 1900 2721 n.
1927 2691 1946 2722 l.
1971 2692 1997 2722 in
2018 2701 2085 2733 agro
2106 2693 2229 2733 Rusiani,
2254 2695 2306 2727 61.

1353 2733 1503 2776 Lagopatus
1525 2736 1630 2769 Basilus
1651 2747 1713 2770 cum
1736 2740 1795 2772 siliis
1818 2741 1929 2783 aliisque
1953 2744 2037 2775 vendit
2057 2744 2125 2776 Zoae
2147 2746 2286 2787 praedium
2308 2749 2335 2780 in

1392 2794 1457 2826 agro
1480 2786 1621 2819 Nicoterae
1644 2788 1715 2820 331.

1353 2835 1482 2876 Lagutzcs
1503 2838 1640 2869 illamuncs
1664 2844 1683 2871 t.
1710 2841 1780 2872 551.

1351 2886 1450 2919 Lainac
1472 2893 1544 2920 terra
1566 2890 1591 2920 in
1614 2889 1741 2923 Calabria
1763 2893 1833 2923 322,

1351 2937 1426 2970 Lali-1
1447 2939 1574 2972 Nicolaus
1596 2945 1616 2972 t.
1642 2941 1713 2974 205.

369 2976 548 3009 ibid.—-Cum
560 2987 645 3011 uxore
660 2979 750 3011 Flavia
764 2981 1055 3025 vendit'i'lieophylacto
1069 2986 1192 3018 Hebraeo
1207 2990 1309 3021 vincam
1352 2989 1504 3022 Lambarda
1526 2991 1631 3031 (nimus
1652 2993 1696 3033 de)
1718 2999 1738 3026 t.
1766 2994 1834 3028 113.

370 3028 482 3068 positam
504 3029 530 3060 in
553 3037 618 3071 agro
639 3029 668 3061 S.
693 3031 786 3073 Angcli
802 3033 836 3064 de
850 3032 946 3066 ilascla
961 3035 1013 3073 36,
1030 3040 1058 3068 et
1078 3037 1158 3069 donat
1171 3040 1308 3080 praedium
1352 3041 1512 3075 Lambertus
1535 3052 1649 3085 magnus
1671 3045 1755 3079 ludex
1779 3047 1918 3081 Calabriae
1942 3051 2040 3083 dirimit
2063 3054 2247 3093 quaestionem
2270 3058 2338 3088 inter

2004 3116 2050 3149 75
