2606 3730
254 449 467 489 απόστόλων·
503 453 559 489 xxi
592 453 659 490 τῶν
691 453 763 498 σπη’
795 453 963 502 θεοφόρων
996 464 1148 501 warpeni·
1177 448 1232 487 καὶ

255 505 334 544 εἷτα-ὀ
357 504 436 551 {Iros
449 511 520 548 τῶν
534 513 745 562 'mica-ianm·
765 511 820 548 καὶ
836 509 1030 554 &fucosa-Sus
1045 524 1085 550 εις
1100 507 1143 546 τὸ
1158 522 1234 558 πρε-

253 566 325 613 τῦρι
350 579 535 611 rouro-uara.
557 569 629 609 λς’·
656 567 710 605 καὶ
735 567 825 605 daem
847 567 975 604 σιὸποῖν.
995 568 1049 604 'Er
1072 564 1232 617 παρουσία

252 637 426 676 μαρτυρων
448 627 479 677 †
502 625 573 664 ελία
596 642 662 668 mos
690 629 769 663 ὅτου
804 638 867 663 του
904 625 1029 663 σοι’σσου
1051 639 1178 676 μαρτυρ
1201 627 1232 676 †

252 681 407 728 γιοίκονου
428 681 601 734 μαρκλδου
615 697 743 734 μαρτυρ
758 683 790 733 †
809 678 952 721 aima'rov
968 697 1093 734 μαρτυρ
1109 684 1140 733 †
1156 696 1231 733 πρε-

252 743 404 792 σβυτέρως
427 741 651 783 κονσταντίνος
666 755 730 779 του
744 744 962 793 πρεσβυτερου
977 740 1137 786 δομῖνικου
1150 756 1230 791 μοιρ-

251 812 314 849 τυρ
337 800 368 850 †
390 814 490 837 ποιπαι
520 798 576 836 λεό
607 812 762 844 υισκᾳιης
788 813 915 850 μαρτυρ
940 801 971 850 †
994 799 1122 849 εγροίφη
1146 798 1228 848 χειρὶ

251 858 390 902 νικὴτου
414 855 503 907 ΐερέος
527 858 582 896 xxi
606 872 759 908 νοτοιριῡυ
780 873 852 904 wrm
877 861 984 901 i'ovnos
1008 874 1047 901 εις
1070 861 1136 901 τοίς
1158 855 1226 896 κδ’.

253 928 352 964 παρα
374 929 527 961 mor-'rn-
555 930 646 958 ετους
669 917 758 970 574(
787 913 957 956 ιγδικτιωνι
989 917 1034 959 ξ·
1062 915 1106 954 τὸ
1129 930 1228 955 avem

252 973 347 1025 χρόνο
364 973 460 1012 ends·
478 975 500 1012 ὅ
512 989 614 1021 noun,-
630 974 802 1027 pooyys'pm
817 976 922 1015 αποίνο
938 979 1003 1020 τῆς
1019 975 1167 1019 :coloremus
1181 978 1224 1027 †.

332 1055 396 1099 (Ex
410 1057 536 1100 originali
547 1057 707 1091 membrana
721 1058 829 1091 Archivi
843 1059 1071 1092 cavensis—n.⁰
1087 1059 1158 1100 16.)

1170 386 1343 421 ...83—

1275 459 1349 489 octo
1365 460 1398 490 et
1415 454 1527 492 decem
1542 456 1660 493 divinis
1677 460 1876 501 ratrtbus,et
1893 467 2059 508 separatus
2071 462 2112 497 sit
2127 474 2144 496 a
2162 462 2249 497 cliri-

1275 512 1453 549 stianorum
1478 518 1719 558 communione;
1747 524 1816 554 tum
1842 532 1964 565 poenae
1989 522 2120 556 nomine
2145 521 2250 556 solvat

1276 570 1441 606 Praetorio
1466 574 1658 609 numismata
1685 588 1741 610 sex
1759 582 1790 611 et
1807 577 1952 623 triginta,
1985 585 2019 613 et
2050 579 2171 614 invitus
2201 584 2250 614 ta-

1273 633 1357 663 ceat.
1384 629 1505 664 Actum
1530 643 1641 665 coram
1666 634 1816 669 testibus:
1844 634 1874 682 †
1898 635 1984 670 Elias
2008 636 2094 670 titius
2119 637 2175 672 Oti
2208 637 2247 671 de

1273 686 1367 721 Sasso
1397 688 1504 722 testis.
1531 688 1561 734 †
1586 691 1718 726 lacobus
1749 680 1911 728 Maraldns
1944 693 2048 729 testis.
2080 693 2111 742 †
2138 696 2249 730 Conti-

1274 755 1335 779 nus
1353 745 1456 780 testis.
1475 744 1505 792 †
1522 747 1697 793 Presbyter
1721 751 1950 786 constantinus
1967 752 2053 787 [ilius
2070 753 2252 799 presbyteri

1272 802 1435 837 Dominici
1450 803 1553 838 testis.
1569 803 1598 850 †
1616 806 1788 853 Presbyter
1810 810 1877 844 Leo
1893 810 2081 846 Vicecomes
2098 812 2201 847 testis.
2221 811 2250 859 †

1272 860 1437 908 Scriptum
1461 874 1559 897 manu
1584 863 1716 898 Nicetae
1741 865 1922 911 presbyteri
1953 874 1986 902 et
2017 869 2165 910 notarii,
2199 869 2251 904 die

1271 922 1381 958 XXIV
1405 922 1524 957 mensis
1549 922 1643 962 iunii,
1672 923 1750 958 teria
1768 925 1811 964 V,
1830 936 1915 960 anno
1936 927 2041 968 5606,
2069 928 2246 964 indictione

1270 981 1328 1022 Vl,
1347 991 1413 1027 quo
1430 987 1575 1027 tempore
1591 982 1707 1016 Comes
1724 982 1882 1027 Rogerius
1902 983 2071 1020 obsidebat
2087 988 2246 1033 Capuam.

1179 1189 1328 1242 val.

678 1321 823 1377 (1098)
837 1349 890 1356 -
903 1324 1024 1366 Mense
1044 1325 1145 1368 lunio
1157 1350 1212 1357 -—
1225 1324 1358 1366 indict..
1388 1324 1431 1366 Vl
1443 1325 1831 1379 —Constantinopoli.

258 1432 388 1468 Alexim
415 1432 591 1468 Gomnenus
615 1432 795 1479 Imperator
819 1433 944 1480 spondet
972 1432 1117 1469 oderisio
1141 1435 1246 1470 abbati
1274 1434 1439 1470 Casinensi
1464 1446 1506 1476 se,
1536 1447 1600 1469 non
1634 1448 1718 1470 secus
1749 1447 1785 1470 ac
1810 1438 2020 1483 superioribus
2045 1441 2246 1486 temporibus,

430 1504 517 1540 opem
541 1493 685 1528 laturum
709 1493 856 1533 Francis,
882 1492 969 1539 eiquo
994 1505 1086 1527 anum
1110 1493 1296 1541 epilort'cum
1319 1495 1507 1529 deauratum
1531 1502 1566 1529 ut
1588 1495 1707 1542 piqnns
1731 1496 1950 1531 benevolentiae
1976 1498 2082 1533 mittit.

294 1608 440 1655 Epistola
457 1608 557 1644 alexii
570 1609 791 1657 jmperatoris.
824 1608 863 1643 ad
880 1607 1059 1645 oderisium
1075 1610 1227 1645 abbatem

251 1666 409 1713 primum.
977 1708 981 1713 .

295 1725 424 1766 Quanta
449 1724 588 1772 imperio
610 1731 723 1761 nostro
746 1725 920 1774 scripsistis
949 1727 1227 1763 venerabilissime

247 1793 285 1817 ac
302 1781 534 1829 sapientissime
551 1795 643 1818 serve
658 1783 710 1819 dei
726 1784 825 1820 abbas
840 1785 954 1820 cenobi
970 1785 1159 1826 casinensis:
1178 1784 1228 1819 di-

248 1838 324 1875 dici.
344 1840 537 1877 Declarabat
552 1846 665 1876 autem
679 1848 786 1878 vestra
805 1842 940 1890 epistola
954 1843 1114 1879 honorem
1129 1848 1227 1890 atque

249 1895 376 1932 laudem
406 1897 523 1946 imperi
552 1900 631 1934 mei.
657 1905 691 1935 et
714 1900 946 1947 omnipotentis
973 1900 1106 1947 quidem
1130 1907 1228 1950 atque

250 1955 467 1992 misericordis
483 1957 535 1992 dei
550 1958 654 1993 nostri
668 1964 717 1994 est
741 1958 775 1994 in
800 1970 852 1994 me
876 1965 909 1994 et
933 1959 967 1994 in
992 1959 1146 1994 subiectis
1170 1972 1229 1994 no-

250 2013 326 2049 stris
337 2014 525 2061 propitiatio
537 2015 695 2051 maxima.
709 2021 743 2052 et
756 2016 913 2052 beneficia
925 2017 995 2051 eius
1009 2017 1229 2052 innumerabi-

252 2071 307 2106 lia.
325 2071 366 2105 Et
382 2071 451 2118 ipse
467 2072 599 2118 quidem
615 2085 675 2119 per
690 2073 762 2108 eius
778 2073 1037 2108 misericordiam
1056 2073 1230 2109 honoravit

250 2128 427 2176 imperium
443 2142 567 2165 meum.
595 2136 702 2177 atque,
717 2130 878 2165 exaltavit
901 2132 1016 2177 gratis.
1034 2132 1102 2177 Ego
1118 2138 1228 2167 autem

251 2198 313 2222 non
332 2187 438 2223 solum
456 2187 545 2235 quod
560 2188 606 2223 nil
623 2188 701 2223 boni
726 2188 831 2223 habeo
855 2188 890 2223 in
915 2200 980 2224 me.
1007 2189 1062 2224 sed
1087 2190 1228 2225 maxime

252 2247 327 2294 quia
345 2258 444 2294 super
459 2258 572 2282 omnes
587 2246 736 2282 homines
753 2258 852 2294 pecco
876 2247 917 2281 ad
941 2259 1018 2283 eum
1042 2248 1174 2284 cotidie.
1193 2255 1230 2284 ut

252 2303 444 2351 longanimis
459 2308 558 2351 atque
575 2303 761 2339 misericors
778 2304 953 2340 miseretur
977 2310 1077 2352 atque
1092 2306 1228 2341 sustinet

251 2373 357 2397 meam
376 2362 610 2397 infirmitatem.
631 2374 689 2398 vos
704 2367 815 2397 autem
839 2367 877 2396 ut
897 2362 973 2396 boni
989 2368 1087 2410 atque
1107 2363 1228 2398 virtute

250 2420 338 2466 pleni
364 2419 514 2455 indicatis
538 2432 590 2455 me
615 2425 821 2467 peccatorem
845 2419 929 2461 sicut
952 2419 1086 2455 bonum.
1113 2427 1146 2456 et
1172 2433 1229 2456 vos

251 2477 384 2525 quidem
401 2476 529 2512 habetis
545 2478 726 2524 proficuum
739 2476 820 2512 adeo
832 2476 1007 2523 imperium
1025 2489 1135 2513 meum
1153 2491 1228 2514 cuni

251 2537 405 2572 laudatur
420 2536 556 2583 dignum
572 2536 676 2571 laudis
693 2547 776 2584 opus
793 2547 856 2570 non
874 2535 1008 2577 habens;
1027 2537 1060 2571 in
1077 2537 1230 2572 condem-

252 2595 438 2641 pnationem
453 2604 546 2628 suam
563 2593 675 2628 laudes
691 2593 845 2640 possidet.
860 2598 896 2628 ut
908 2598 1017 2629 autem
1030 2593 1229 2629 adiutorium

251 2652 435 2700 praebeatis
454 2654 537 2688 sorte
554 2663 646 2699 rogo:
658 2652 819 2687 exercitui
837 2653 1025 2687 francorum
1042 2651 1230 2698 designabat

251 2714 379 2744 vestrae
397 2708 647 2755 prudentissime
663 2709 783 2756 apices.
799 2708 840 2744 sit
857 2708 931 2744 inde
947 2714 1036 2744 certa
1054 2716 1160 2744 vestra
1174 2722 1231 2743 ve-

252 2765 406 2803 nerabilis
422 2765 587 2803 sanctitas.
606 2766 764 2814 quoniam
779 2766 824 2802 ita
839 2765 1031 2813 dispositum
1054 2766 1116 2803 fuit
1132 2778 1231 2814 super

1269 1622 1325 1645 eos
1341 1609 1517 1656 imperium
1535 1622 1658 1646 meum.
1677 1617 1709 1646 et
1727 1612 1770 1647 ita
1788 1613 1939 1648 omnihus
1956 1614 2063 1650 modis
2085 1615 2251 1652 adiuvabit

1267 1674 1365 1716 atque
1381 1669 1564 1704 consiliabit
1582 1682 1649 1708 eos:
1665 1677 1697 1706 et
1714 1672 1892 1707 seeundum
1912 1686 2004 1719 posse
2022 1686 2119 1709 suum
2138 1688 2251 1722 coope-

1267 1735 1377 1764 ratum
1393 1733 1441 1764 est
1458 1728 1492 1763 in
1509 1729 1568 1769 eis;
1597 1741 1662 1765 non
1687 1736 1723 1765 ut
1749 1731 1875 1766 amicus
1900 1732 1951 1766 vel
1978 1732 2126 1779 cognitus
2142 1734 2198 1768 sed
2218 1742 2248 1768 nt

1268 1792 1373 1834 pater.
1393 1791 1425 1821 et
1440 1786 1504 1821 tale
1521 1786 1721 1834 expendium
1747 1789 1824 1824 fecit
1849 1789 1882 1823 in
1908 1789 1966 1824 eis.
1996 1803 2095 1837 quem
2112 1804 2176 1826 non
2193 1804 2253 1838 po-

1270 1849 1333 1878 test
1357 1843 1475 1891 aliquis
1501 1856 1688 1880 numerare.
1716 1847 1756 1880 Et
1782 1846 1845 1880 nisi
1870 1845 2046 1893 imperium
2071 1860 2182 1882 meum
2207 1849 2252 1883 ita

1267 1907 1418 1947 apertum
1437 1901 1550 1937 fuisset
1566 1901 1600 1936 in
1617 1902 1675 1937 eis.
1701 1908 1734 1938 et
1750 1902 1934 1939 adius-asset
1960 1916 2015 1939 eos
2041 1910 2113 1951 post
2138 1905 2247 1940 deum.

1268 1958 1342 2004 quis
1366 1959 1448 1993 alter
1473 1958 1673 1994 adiutorium
1698 1960 1902 2006 praebuisset
1926 1961 1987 2001 eis;
2014 1966 2047 1995 et
2063 1973 2172 2008 neque
2190 1962 2253 1997 ite-

1269 2027 1342 2050 rum
1360 2015 1449 2062 piget
1465 2015 1641 2062 imperium
1653 2028 1763 2052 meum
1776 2017 1937 2052 auxilium
1953 2017 2030 2053 dare
2047 2018 2106 2053 eis.
2127 2024 2159 2054 et
2176 2031 2252 2066 gra-

1270 2075 1313 2110 tia
1331 2075 1382 2109 dei
1398 2075 1480 2110 hene
1497 2081 1730 2121 prosperantur
1747 2086 1850 2122 usque
1868 2076 1962 2110 hodie
1980 2077 2014 2110 in
2031 2078 2167 2112 servitio
2185 2090 2252 2125 quo

1270 2133 1477 2179 inceperunt.
1512 2138 1544 2168 et
1578 2132 1612 2167 in
1642 2138 1735 2167 antea
1769 2134 2047 2180 prosperabuntur
2084 2148 2254 2184 quousque

1271 2190 1355 2225 bona
1374 2189 1511 2225 intentio
1536 2190 1699 2236 praecedit
1722 2203 1790 2225 eos.
1818 2190 1994 2226 Multitudo
2018 2204 2060 2227 ex
2087 2194 2255 2240 equitibus

1271 2252 1369 2294 atque
1388 2246 1593 2293 pedestribus
1618 2246 1679 2283 ivit
1703 2247 1744 2282 ad
1761 2253 1872 2283 eterna
1891 2248 2112 2284 tabernacula.
2134 2250 2255 2285 horum

1271 2306 1326 2340 alii
1343 2306 1531 2353 interempti
1548 2306 1605 2341 alii
1622 2307 1744 2344 mortui
1762 2307 1849 2346 sunt3
1870 2307 1954 2342 beati
1972 2307 2103 2354 quidem
2122 2315 2196 2343 sunt
2215 2315 2252 2343 ut

1271 2366 1303 2399 in
1322 2365 1404 2398 bona
1424 2365 1602 2400 intentione
1621 2377 1772 2400 somnum
1797 2365 1911 2400 mortis
1935 2365 2061 2401 dantes.
2081 2373 2253 2413 propterea

1272 2423 1405 2458 mininie
1422 2429 1550 2469 oportet
1568 2436 1625 2458 nos
1643 2423 1714 2458 illos
1731 2423 1852 2459 habere
1868 2428 1903 2458 ut
1917 2431 2062 2459 niortuos
2080 2425 2132 2460 sed
2152 2432 2187 2460 ut
2205 2426 2251 2460 xi-

1272 2492 1342 2514 vos.
1379 2481 1418 2514 Et
1451 2480 1485 2514 in
1518 2480 1619 2515 vitam
1650 2486 1817 2515 aeternam
1845 2487 1943 2528 atque
1970 2481 2254 2529 incorruptibilem

1272 2540 1527 2585 transmigratos.
1557 2539 1593 2572 ln
1618 2539 1807 2585 exemplum
1833 2552 1910 2574 vere
1937 2540 2010 2574 tidei
2042 2546 2140 2588 atque
2172 2541 2253 2576 bone

1271 2595 1488 2641 dispositionis
1505 2596 1589 2630 circa
1612 2600 1755 2631 vestrum
1771 2597 2006 2632 monasterium
2024 2597 2153 2644 imperii
2171 2598 2250 2636 mei:

1273 2654 1360 2688 misit
1380 2665 1482 2688 ιιιιιιιῐι
1501 2653 1692 2700 epiloricum
1715 2653 1755 2687 de
1777 2654 1874 2690 dorso
1896 2667 1955 2689 suo
1971 2656 2247 2702 oxydeauratuni.

1273 2712 1367 2746 Missa
1386 2718 1433 2746 est
1450 2723 1560 2746 mense
1574 2712 1668 2758 junio
1681 2711 1860 2759 jndictione
1878 2719 1984 2748 sexta.
2005 2714 2034 2748 A
2051 2714 2251 2750 sanctissima

1273 2768 1354 2804 urbe
1371 2769 1655 2815 constantinopoli.

1364 2856 1418 2893 (Ex
1434 2857 1503 2900 ling.
1522 2858 1594 2891 ven-i
1609 2858 1796 2892 Diae-1⁷01.
1815 2860 1923 2898 vatt,
1941 2870 1967 2891 n.
1993 2861 2072 2899 Ηῦ.)
