2560 3646
1222 385 1421 418 —577-

316 448 451 493 Cephalus
470 448 633 483 Theodorus
653 450 727 484 309.

313 500 448 535 ceramidi
468 502 639 544 praepositus
660 502 789 535 Nicotaus
809 505 831 537 1.
854 502 906 534 51.

313 553 435 585 comnis
456 562 485 584 n.
509 553 528 585 Ι.
553 553 580 584 in
601 553 729 586 Calabria
750 553 803 586 59.

311 604 441 637 cerasino
461 606 600 647 praedium
622 605 649 635 in
669 614 737 646 agro
757 604 843 648 Aetas
865 601 936 635 545.

313 656 428 690 Ceritzia
448 659 513 690 emit
533 658 671 700 praedium
693 665 711 688 a
731 656 815 688 Maria
843 655 923 687 vidua
943 653 1017 687 Petri
1038 652 1198 687 Malasaberi
1218 652 1289 686 364.

312 710 435 750 cervari,
460 708 613 753 Κερβοίρου,
638 707 755 740 fluminis
776 707 874 738 mentio
897 705 948 744 19,
971 705 1022 746 21.

313 760 428 792 Gesinae
447 760 522 793 eollis
543 760 569 791 in
590 768 657 800 agro
678 758 789 799 Cagiani
813 757 884 795 194,

313 812 454 844 cessauito
476 811 616 852 (Nicotaus
636 810 681 851 de)
703 814 724 841 t.
748 809 821 847 445,
846 808 918 847 446,
941 807 1014 847 448,
1038 807 1108 841 461.

313 865 397 897 Cetus
418 864 532 896 loannes
551 867 573 894 t.
597 863 670 894 494.

312 915 441 948 Cetaenni
462 915 558 947 Leonis
579 914 676 945 domus
695 913 722 944 in
743 913 848 945 civitate
868 911 1024 944 Seminane
1046 910 1118 943 392.

310 967 426 1000 Chabita
440 967 585 1000 Gervasius
599 966 741 1008 Strategus
756 969 777 997 t.
791 964 963 997 sos-Eius
984 967 1171 996 testamentum
1192 961 1292 994 306-

354 1018 468 1050 loannes
489 1018 549 1049 Odo
570 1021 597 1048 et
617 1017 768 1050 Gulielmus
789 1017 848 1047 eius
869 1015 927 1053 filii,
951 1014 1019 1046 ibid.

312 1068 422 1110 Chagar
444 1067 564 1110 Elgurap
585 1068 685 1109 lapides
706 1076 735 1100 n.
757 1067 778 1098 1.
803 1067 829 1097 in
849 1074 917 1107 agro
938 1065 1065 1097 Panormi
1089 1064 1158 1096 156.

311 1118 466 1151 chaleellus
487 1119 542 1151 Leo
563 1126 702 1160 possessor
721 1117 821 1160 praedii
842 1118 869 1148 in
890 1124 957 1157 agro
977 1116 1123 1150 Nicoterae,
1142 1114 1214 1146 284.

311 1169 430 1202 Chalebo
453 1169 623 1211 (Theodorus
637 1169 692 1210 de).
709 1169 742 1199 V.
759 1167 886 1200 Nicolaus
901 1167 1022 1198 notarius
1036 1169 1064 1197 et
1078 1164 1221 1207 Strategus
1238 1165 1293 1197 lile-

351 1228 456 1252 sorum.

310 1269 429 1302 Chalcus
450 1270 564 1302 calatus
585 1280 610 1301 v.
636 1271 706 1302 185.

309 1323 456 1355 Chamenia
477 1326 504 1353 et
524 1322 626 1353 simeo.
650 1322 684 1355 V.
708 1321 809 1353 simeo.

310 1374 494 1407 Chamodraeo
516 1383 542 1405 v.
567 1375 638 1405 185.

307 1426 456 1466 Χαμὸγεον
478 1423 615 1463 emino„
638 1417 893 1465 domus'terranea,
917 1426 989 1465 515,
1012 1426 1086 1458 520.
1105 1426 1138 1460 V.
1157 1426 1269 1459 Domus.

307 1479 460 1512 Chamurra
482 1478 565 1516 mala,
589 1478 664 1514 κακὴ
686 1478 837 1520 χαμοῖιρρα
859 1488 887 1510 n.
910 1479 929 1511 l.
955 1479 983 1510 in
1003 1478 1130 1511 Calabria
1152 1479 1224 1512 555.

307 1532 462 1564 Chamurra
483 1531 623 1572 (Nicotaus
644 1530 688 1572 de)
710 1535 731 1562 t.
756 1531 828 1562 357.

307 1584 494 1616 Chandaeario
516 1583 641 1624 (loannes
662 1583 707 1621 de)
728 1582 837 1615 tabellio
858 1582 1015 1615 Seminarae
1037 1584 1111 1620 471,
1134 1583 1206 1616 473.

307 1634 490 1666 Chandaearis
511 1634 638 1665 Nicolaus
659 1637 686 1664 et
707 1633 839 1673 Rogerius
861 1637 955 1665 emunt
968 1634 1077 1664 domum
1099 1637 1127 1665 et
1147 1633 1255 1665 hortum
1277 1644 1293 1665 a

349 1686 449 1717 Ioanne
470 1684 582 1716 Bibiano
604 1684 677 1722 402,
700 1693 787 1725 eaque
807 1684 907 1714 donant
930 1685 1091 1715 monasterio
1112 1684 1142 1715 S.
1160 1684 1287 1725 Stephani

346 1736 382 1767 de
402 1735 518 1767 Nemore
539 1735 612 1766 401.
904 1739 907 1741 ·

305 1788 448 1820 chandace
471 1787 603 1829 (Ecclesia
624 1786 657 1819 S.
679 1787 779 1818 Mariae
799 1786 843 1826 de)
864 1786 891 1817 in
914 1785 1043 1818 Calabria
1065 1786 1116 1818 95.

306 1839 466 1870 Chanrlaees
488 1838 614 1870 Nioolaus
635 1837 716 1870 iudex
737 1837 894 1870 Seminarae
916 1837 987 1869 393.

306 1890 470 1932 Changemis
491 1890 659 1931 Nicephorus
679 1899 706 1921 v.
731 1889 804 1922 329.

307 1942 412 1974 Channi
432 1941 559 1973 Nicolaus
581 1945 602 1973 t.
626 1941 698 1974 211.

308 1991 419 2026 Χαόννη
433 2017 441 2030 ,
464 1989 510 2022 ἵνα
530 1991 637 2031 χαόννη
659 1993 676 2027 ἧ
698 1992 783 2031 γονή,
809 1995 840 2023 nt
859 1991 958 2024 mulier
988 2001 1035 2025 ore
1055 1991 1147 2025 hiante
1169 2002 1289 2026 remane-

349 2048 402 2082 ret,
425 2045 636 2081 eonvtneereiur,
660 2052 676 2074 a
696 2042 800 2083 χαίνω,
827 2045 877 2076 73.

309 2094 479 2126 charbertus
499 2094 569 2125 filius
591 2093 688 2135 Argyri
710 2094 805 2126 iudicis
825 2095 921 2127 Nohae
941 2096 1023 2127 donat
1048 2092 1215 2127 monasteriis
1236 2096 1287 2127 SS.

350 2146 486 2177 Trinitatis
506 2145 632 2176 Cavensis
647 2148 681 2176 et
701 2143 733 2176 S.
757 2145 858 2177 Mariae
878 2146 910 2177 de
931 2146 1104 2186 Cyr-Zosimo
1118 2150 1205 2179 terras
1225 2148 1290 2179 sitas

349 2205 430 2237 prope
451 2195 557 2226 Noham
579 2195 631 2226 97.

308 2247 450 2280 Charbites
473 2247 530 2278 Odo
551 2252 572 2278 t.
596 2248 667 2278 251.

308 2299 466 2340 Charengae
486 2299 625 2340 praedium
647 2299 673 2329 in
694 2307 760 2340 agro
781 2297 939 2330 Seminarae
961 2299 1033 2331 494.

308 2350 467 2381 chariberto
487 2348 645 2389 (Balduinns
666 2349 712 2389 de)
737 2350 804 2381 151.

308 2401 507 2433 Chariteltzitioe
527 2410 556 2432 n.
581 2400 599 2431 l.
624 2401 651 2431 in
671 2409 738 2441 agro
762 2400 885 2431 Panormi
907 2402 976 2433 315.

308 2450 457 2483 Charentes
478 2459 574 2481 nomen
596 2450 718 2482 culturae
739 2450 765 2481 in
788 2459 854 2492 agro
875 2452 1052 2493 Agriotlierae
1074 2453 1146 2487 359.

307 2502 431 2543 Χάρρης,
453 2501 597 2538 henricus,
621 2500 693 2532 522.

308 2553 412 2585 Charro
431 2554 565 2592 (Andreas
586 2554 631 2594 de)
652 2558 673 2585 1.
697 2554 769 2592 450,
794 2554 865 2585 469.

308 2603 417 2644 Χάριτες
438 2612 486 2645 pro
507 2602 619 2644 χαρτία
641 2604 694 2636 91.

307 2651 434 2696 Χάρτόαι
456 2654 664 2694 δικαιωμάτων,
689 2657 877 2696 instrumenta,
904 2658 953 2690 Η.

305 2707 505 2749 Χαρταρῦλαξ,
528 2709 692 2747 tabularius,
717 2709 768 2742 92.

305 2757 469 2790 Chartularii
492 2760 641 2801 imperiales
663 2761 692 2792 3.

303 2808 503 2848 Chai-tularius‚
528 2812 748 2855 χαρτουλαίριοσ,
775 2813 876 2846 152—
885 2814 1022 2848 Ecclesiae
1043 2816 1184 2850 Locrensis
1206 2820 1285 2852 90-

345 2861 464 2894 Materae
483 2862 637 2904 Stephanus
661 2865 708 2896 18.

303 2930 344 2936 -
366 2911 488 2945 Andreas
510 2913 579 2945 413.

1338 448 1596 492 chamlessambius
1618 452 1809 487 Constantinus
1831 458 1851 488 t.
1877 456 1914 489 57

1337 501 1510 543 Charzanites
1531 505 1766 548 Protospatharius
1786 506 1878 540 Rusus
1899 508 1950 541 53.

1337 551 1469 586 Chascan·
1491 554 1557 595 (Leo
1577 555 1621 597 de)
1642 566 1669 588 v.
1695 558 1766 589 185.

1337 602 1594 636 chassaramuunus
1615 606 1747 639 Arcadius
1769 607 1838 639 233.

1336 653 1437 686 Chatas
1458 656 1512 687 Leo
1534 666 1558 688 v.
1584 657 1655 690 558.

1336 702 1518 744 chelandrae,
1541 706 1717 750 Χελάνδρας,
1741 709 1841 742 flumen
1865 712 1936 744 127.

1335 755 1508 796 Χηλοτυιόν,
1532 758 1691 800 Ιίςηᾶςὶιιω,
1715 761 1787 792 329.

1336 804 1514 839 Chelidonisis
1535 808 1651 841 Ioannes
1671 812 1792 843 notarius
1812 812 1920 846 Briatiei
1941 815 2013 854 415,
2037 817 2109 857 416,
2139 818 2198 852 437
2214 844 2222 859 ,
2245 819 2318 858 438,

1378 857 1452 895 4-13,
1476 858 1550 897 448,
1574 859 1647 898 461,
1671 861 1744 899 481,
1767 863 1839 895 482.

1336 906 1431 946 Χῆνω,
1453 908 1534 947 vado,
1557 911 1710 951 protendor,
1733 914 1869 953 pervenio,
1893 915 1964 955 102,
1989 917 2058 949 146.

1336 957 1490 992 Chennetes
1512 961 1609 1003 Ioseph
1631 966 1659 994 et
1680 962 1764 995 Maria
1784 965 1844 996 eius
1866 975 1937 998 uxor
1959 969 2073 1001 vendunt
2088 970 2187 1002 Basilio
2202 971 2319 1004 Romaeo

1377 1013 1518 1053 praedium
1541 1014 1567 1046 in
1589 1023 1657 1057 agro
1678 1015 1806 1047 Panormi
1828 1016 1901 1050 287.

1336 1061 1440 1105 Χὲνρησ
1463 1064 1596 1099 Henrieus
1618 1067 1689 1099 filius
1709 1068 1793 1110 Regis
1814 1068 1926 1112 Rogerii
1950 1070 2020 1103 156.

1323 1112 1428 1153 *xia-vi,
1452 1124 1540 1155 serra,
1569 1118 1606 1149 15
1629 1123 1656 1150 οι
1676 1118 1750 1151 alibi.

1336 1165 1474 1199 Chimaria
1496 1169 1709 1212 Theophylaetus
1730 1173 1880 1206 Hebraeus.
1907 1175 1939 1207 V.
1964 1174 2189 1218 Theophylactus.

1337 1219 1444 1261 Χιοῖιρε.
1469 1221 1503 1252 V.
1528 1222 1719 1256 Monasterium
1742 1225 1772 1258 S.
1798 1227 1906 1258 Ioannis
1927 1228 1961 1260 de
1983 1228 2071 1261 Flore.

1337 1268 1522 1304 Chirohoseus
1543 1273 1658 1306 constas
1679 1286 1703 1307 v.
1729 1278 1801 1316 557,
1826 1278 1897 1310 558.

1337 1322 1498 1357 Chondinus
1519 1326 1642 1358 Andreas
1663 1338 1688 1359 v.
1716 1328 1785 1361 183.

1337 1373 1455 1407 Chondri
1476 1377 1617 1417 praedium
1641 1378 1712 1410 547.

1337 1424 1468 1459 chondris
1490 1426 1545 1460 Leo
1566 1438 1592 1460 v.
1618 1428 1688 1461 185.

1336 1475 1465 1510 choraeis
1486 1476 1632 1520 Catocyrus
1656 1481 1725 1513 151.

1337 1529 1503 1569 Χωφαφσαῖοι
1523 1531 1617 1571 σ’ὅσωι,
1641 1534 1761 1574 praedia,
1788 1535 1822 1567 11
1847 1539 1874 1567 et
1895 1535 1970 1570 alibi.

1337 1580 1537 1622 Χωρατόλλη.
1562 1582 1596 1616 V.
1619 1583 1818 1625 Poly-chorium.

1336 1632 1526 1673 Χωρελασίαι,
1551 1635 1610 1667 loea
1631 1637 1785 1678 equitationi
1806 1639 1923 1679 addieta,
1947 1641 2018 1673 556.

1335 1680 1439 1723 Χρεῖων
1459 1682 1508 1714 καὶ
1528 1687 1743 1727 χορτασμάπυν
1763 1687 1942 1730 hartvicus,
1958 1701 2051 1724 rerum
2066 1694 2281 1727 necessarium
2295 1700 2322 1728 et

1376 1740 1578 1769 commeatuum
1601 1739 1795 1781 requisitiones,
1821 1742 1862 1773 54
1884 1746 1911 1774 et
1932 1744 1984 1776 55.

1335 1785 1490 1819 Christiana
1510 1789 1564 1821 lilia
1585 1790 1716 1823 Armanni
1738 1793 1848 1834 eiusque
1870 1794 1925 1826 fllia
1949 1796 2095 1838 Margarita
2109 1798 2208 1831 donant
2222 1803 2322 1832 terram

1375 1840 1537 1872 nionasterio
1558 1839 1589 1871 S.
1613 1841 1717 1874 Nioolai
1738 1843 1771 1875 de
1793 1842 1899 1886 cipullo
1920 1845 1992 1878 382.

1334 1887 1485 1922 christinae
1508 1891 1565 1934 (S.)
1587 1893 1673 1935 oppidi
1695 1896 1794 1927 mentio
1817 1895 1889 1929 300.

1333 1940 1524 1976 christodolus
1544 1945 1680 1977 Ammiras
1701 1950 1729 1978 et
1750 1946 1953 1980 protonotarius
1976 1950 2045 1981 139.

1332 2010 1374 2016 —
1396 1992 1510 2025 loannes
1531 1999 1551 2025 t.
1575 1995 1647 2028 340.

1333 2043 1524 2086 christophoro
1546 2045 1644 2086 (Ursus
1664 2047 1710 2089 de)
1731 2051 1752 2080 t.
1776 2048 1849 2080 252.

1333 2092 1542 2136 christophorus
1564 2097 1680 2129 Basilius
1702 2108 1727 2131 v.
1753 2098 1823 2131 560.

1332 2163 1373 2169 --
1394 2146 1575 2179 Bochomaces
1596 2147 1885 2189 Spatharoeandidatus
1907 2152 1938 2182 9.
1957 2152 1989 2184 V.
2007 2153 2147 2197 Catapani,
2170 2157 2317 2199 Gregorius

1374 2198 1576 2231 Trachaniotes.

1332 2267 1371 2272 —
1394 2249 1451 2290 (S.)
1472 2250 1499 2280 in
1520 2248 1647 2281 Calabria
1671 2251 1739 2283 130.

1332 2298 1453 2340 Κρονίου,
1477 2299 1600 2339 χρονίαν,
1623 2296 1777 2343 ἷγχρόνιον,
1801 2305 2023 2346 anniversarium,
2048 2309 2119 2347 253,
2143 2310 2214 2350 376,
2240 2313 2314 2352 428,

1373 2350 1443 2381 511.

1331 2399 1510 2443 chronologia
1532 2403 1751 2436 membranarum
1765 2414 1923 2446 graecarum
1939 2410 2050 2448 praestit.
2070 2420 2095 2451 p.
2120 2411 2184 2443 XlX
2199 2415 2226 2444 et
2240 2422 2313 2455 seqq.

1331 2450 1502 2491 chrysantho
1523 2453 1622 2491 (Ursus
1642 2455 1688 2495 de)
1710 2465 1734 2486 v.
1761 2457 1812 2487 85.

1331 2502 1527 2543 chrysanthus,
1553 2505 1668 2543 Sardus,
1693 2506 1773 2539 Falco
1795 2512 1821 2539 et
1845 2509 1934 2540 Bonus
1956 2511 1989 2542 ad
2011 2512 2178 2545 medietatem
2211 2516 2237 2545 in
2258 2525 2316 2547 eni-

1371 2555 1520 2596 phyteusim
1541 2558 1671 2598 accipiunt
1692 2567 1707 2589 a
1730 2562 1892 2594 monasterio
1914 2562 1944 2594 S.
1970 2562 2042 2595 Petri
2064 2564 2211 2607 imperialis
2224 2566 2314 2600 hortos

1371 2611 1432 2638 octo
1454 2607 1504 2639 35.

1330 2666 1496 2709 chrysaphio
1518 2670 1659 2710 (Nicolaus
1681 2673 1725 2712 de)
1749 2677 1769 2705 t.
1794 2674 1865 2706 403.

1330 2738 1370 2743 —-
1391 2719 1562 2760 (Theodorus
1583 2722 1627 2762 de)
1649 2725 1769 2755 notarius
1791 2725 1946 2759 Seminarae
1968 2727 2039 2759 393.

1332 2770 1495 2814 chrysaphis
1518 2774 1670 2806 Alexander
1685 2780 1704 2807 t.
1730 2777 1802 2810 422.

1329 2822 1513 2866 chrysaphius
1533 2827 1674 2867 presbyter
1696 2834 1722 2859 et
1742 2829 1896 2862 tabularius
1918 2831 1969 2863 56.

1329 2876 1503 2918 ‹lhiysaplius
1524 2878 1680 2911 Gualterius
1702 2882 1813 2923 eiusque
1835 2891 1905 2914 uxor
1927 2884 2048 2917 Ventura
2071 2887 2188 2920 vendunt
2202 2889 2316 2932 {lagerio

1371 2929 1404 2959 de
1426 2929 1562 2962 Murinero
1582 2931 1690 2963 domum
1713 2933 1823 2974 positam
1847 2935 1872 2966 in
1894 2935 1997 2969 civitate
2019 2937 2121 2971 catacii
2143 2939 2214 2973 491.

303 2961 449 2996 Chai-unus
469 2963 627 2997 Theodorus
648 2967 768 3000 notarius
795 2972 822 3002 et
844 2968 996 3004 tabularius
1027 2971 1154 3005 ecclesiae
1186 2973 1284 3015 Scyliii-
1333 2979 1463 3021 Chryselii
1483 2981 1528 3013 filii
1552 2982 1624 3021 308,
1649 2983 1720 3015 309.

345 3015 434 3047 oensis
455 3015 528 3048 345.

1335 3029 1454 3071 Chryses
1475 3032 1589 3064 loannes
1611 3044 1635 3067 v.
1663 3035 1732 3068 183.

1975 3102 2021 3136 ’13
