2560 3646
1180 310 1226 317 —
1245 290 1377 326 508-

274 364 390 398 Basilius
409 366 552 406 protopapa
573 364 600 392 et
620 358 771 393 tabularius
791 357 885 390 Lucidi
907 357 978 389 246.

272 436 313 440 -
334 416 392 457 (S.)
413 414 446 445 de
467 413 602 444 Murmero
623 409 696 442 429.

270 467 434 500 Basilotatus
455 463 509 494 Leo
530 461 603 499 449,
627 461 700 499 450,
725 460 797 499 460,
821 461 893 492 461.

272 516 422 550 Basolzeris
442 513 530 556 (Falci
550 514 594 554 de)
616 513 799 555 possessiones
823 512 894 543 139.

269 567 436 600 Bastarueho
458 566 523 608 (Leo
545 566 590 607 de)
612 569 632 597 t.
660 565 731 603 158,
756 565 826 597 169.

268 619 357 650 Batati
380 618 470 651 Basilii
491 617 599 659 praedia
620 616 647 647 in
667 625 733 658 agro
754 614 846 648 Ursuli
867 614 940 647 290.

269 668 394 708 Bassia,
419 668 506 707 vallis,
531 667 583 706 50,
608 667 659 705 58,
683 666 724 698 60
746 669 773 697 et
794 665 869 697 alibi.

272 720 445 758 Βαῦεἷουλη,
469 729 552 763 parva
573 719 661 757 vallis,
685 718 757 750 358.
901 709 906 715 Ι

270 772 397 804 Battallia
418 771 474 804 Leo
495 771 567 810 368,
591 769 662 802 369.

268 826 425 867 Battepede,
448 820 642 865 Βαγτπαιδε,
656 822 859 864 (monasterium
873 822 904 855 S.
913 822 1009 865 Angeli
1022 822 1077 863 de).
1093 822 1126 853 V.
1141 821 1254 853 Monast.

269 895 312 904 --
333 876 450 908 Basilius
473 880 494 907 t.
518 875 590 906 205.

269 950 312 956 —-
334 929 473 971 (Nicolaus
494 929 540 969 de)
560 927 632 960 553.

268 983 375 1015 Battius
396 981 551 1014 Vincentius
576 979 687 1021 praerat.
713 987 740 1018 p.
764 977 812 1008 XV
834 980 861 1008 et
882 976 957 1009 xvi.

262 1023 437 1075 amram,
461 1031 598 1073 υαζήλον,
621 1029 787 1066 malluvium,
812 1027 883 1065 356,
908 1028 980 1066 487,
1005 1027 1075 1058 532.

270 1088 438 1122 Bahalinum,
462 1081 615 1122 Τεβαλῖνον
637 1081 677 1112 vel
697 1079 861 1118 Βεβὰλίιον,
885 1083 956 1110 terra
972 1088 1057 1121 prope
1085 1079 1216 1121 Oppidum
1231 1079 1257 1111 in

312 1136 447 1168 Calabria.
978 1136 980 1139 '

352 1187 483 1220 Dominus
504 1184 625 1216 eiusdem
647 1182 760 1214 loannes
781 1181 854 1214 342.

352 1238 450 1270 Mentio
471 1235 547 1274 294,
570 1233 642 1266 296.

353 1289 547 1322 nonasterium
567 1287 599 1319 S.
622 1285 730 1327 Georgii
752 1285 874 1324 Martyris
895 1284 967 1315 471.

352 1343 482 1374 Notarius
503 1340 661 1372 Theodorus
682 1339 715 1370 de
739 1337 849 1369 Platane
870 1336 942 1368 343.

354 1394 472 1426 Praedia
493 1392 615 1434 Eupraxi
636 1394 664 1422 et
684 1390 834 1422 Bautaeioti
855 1387 927 1421 342.

355 1439 519 1479 Venditionis
539 1447 749 1477 instrumentum
771 1442 842 1475 342.

270 1499 414 1533 Beelzebul
434 1497 551 1529 Basilius
571 1495 645 1530 299.

270 1551 412 1585 Belbasani
432 1550 490 1581 sons
511 1549 584 1579 417.

269 1603 399 1635 Belcasus
420 1609 559 1643 possessor
579 1599 680 1641 praedii
702 1600 729 1630 in
750 1607 817 1641 agro
838 1598 998 1638 Scyllas-,ensi
1019 1597 1090 1629 412.

271 1655 407 1687 Belemme
429 1651 578 1685 Alexandri
598 1654 626 1682 et
646 1650 770 1682 Rieeardi
791 1649 898 1691 praedia
920 1650 948 1680 in
968 1657 1035 1690 agro
1057 1648 1153 1680 Nohae
1173 1648 1234 1679 379
1249 1672 1257 1685 ‚

312 1706 382 1743 380,
408 1703 481 1737 395.

226 1780 231 1785 -
268 1758 385 1790 Belonae
405 1756 527 1798 aporiam
547 1755 575 1785 in
595 1762 662 1795 agro
682 1752 804 1793 Scyllacii
824 1752 898 1783 474.

269 1809 407 1842 Beluchus
428 1807 494 1840 Leo.
517 1807 552 1839 V.
574 1807 668 1838 Trotla
689 1805 749 1838 eius
770 1804 860 1837 vidua.

273 1860 452 1899 —-„loannee
472 1859 593 1891 notarius
614 1857 685 1889 313.
771 1892 773 1894 ,

271 1906 355 1944 Belus
376 1913 499 1944 Andreas
519 1910 659 1953 presbyter
681 1919 706 1941 v.
729 1908 802 1941 558.

274 1964 408 1996 Benedicti
428 1963 559 2001 (Ecclesia
579 1961 625 2002 S.)
647 1961 675 1992 in
695 1959 804 1992 civitate
825 1959 920 1991 Asculi
943 1958 992 1997 11,
1016 1959 1067 1991 25.

280 2035 322 2040 —
342 2018 370 2047 in
390 2016 493 2046 civitate
514 2013 623 2045 Canusii
647 2013 697 2049 11,
724 2011 773 2042 14.

274 2085 316 2091 ——-—
337 2071 416 2098 extra
436 2070 539 2106 portam
559 2063 671 2095 civitatis
691 2061 804 2093 Lesinae
827 2062 876 2098 11,
901 2061 952 2092 25.

274 2138 315 2143 -—
336 2117 539 2158 (Monasterium
559 2116 704 2147 Casinense
724 2113 769 2155 S.)
787 2114 817 2144 V.
841 2113 955 2144 Monast.

273 2159 314 2193 έ-
336 2168 538 2209 (Monasterium
560 2165 606 2207 S.)
628 2166 655 2196 in
676 2165 781 2196 civitate
803 2163 912 2204 Capuae
933 2164 985 2195 21.

274 2219 433 2251 Benedictus
455 2217 617 2248 Thomasius
639 2215 710 2247 433.

274 2269 431 2308 Βενεφὶκιον,
453 2269 623 2305 beneficium,
648 2266 720 2297 419.

274 2322 428 2353 Benenatus
449 2321 536 2352 Ursus
558 2320 637 2352 donat
659 2319 758 2350 Mariae
781 2318 893 2349 libertae
914 2318 1053 2358 praedium
1076 2323 1198 2349 vocatum
1225 2318 1260 2348 U-

317 2374 428 2404 nianum
449 2371 499 2402 26.

277 2425 467 2456 Beneventum.
490 2424 681 2455 Monasterium
702 2422 734 2454 S.
758 2421 874 2462 Sophiae
890 2422 916 2453 in
941 2421 992 2452 hac
1006 2422 1109 2453 civitate
1125 2421 1259 2453 subditum

317 2476 456 2506 casinensi
475 2474 602 2507 coenobio
623 2474 654 2505 2.
899 2479 902 2480 ’

277 2526 435 2558 Berbecaris
457 2526 571 2558 loannes
590 2529 611 2556 t.
636 2525 707 2556 222.

278 2577 464 2608 Berbenzonus
485 2576 653 2609 castellanus
674 2575 706 2607 S.
730 2576 892 2608 catharinae
913 2576 985 2608 355.

278 2629 456 2669 Berengerius
477 2630 589 2661 antistes
611 2628 642 2660 S.
666 2629 740 2660 Petri
761 2628 908 2670 imperialis
930 2629 999 2659 186.

277 2680 407 2712 Bernardi
429 2680 553 2712 Gulielmi
574 2681 714 2722 praedium
735 2681 763 2712 in
783 2688 851 2721 agro
872 2680 956 2712 Aetae
978 2680 1049 2711 516.

228 2750 238 2752 -
279 2730 459 2762 Bernardinus
481 2730 576 2762 Abbas
597 2731 628 2763 S.
654 2730 782 2773 Stephani
802 2730 836 2762 de
858 2730 974 2762 Nemore
995 2730 1065 2762 335.

282 2779 436 2811 Bernardus
457 2781 597 2823 episcopus
618 2780 690 2813 359.

284 2848 324 2852 -—
346 2830 517 2871 praepositus
538 2831 570 2864 S.
595 2831 668 2864 Petri
690 2832 839 2875 Imperialis
862 2833 933 2872 103,
958 2834 1028 2866 144.

283 2880 364 2910 Beria
385 2880 525 2913 Comitissa
546 2881 664 2915 Loritelli
682 2883 758 2917 146.
785 2883 817 2918 V.
840 2882 968 2918 Loriteui.

258 2962 261 2964 μ
285 2930 478 2965 Bertheramus
498 2932 568 2966 Bove
588 2938 610 2967 t.
634 2935 706 2969 547.

1301 356 1469 400 Βεστιάριον.
1494 357 1528 390 V.
1551 357 1725 389 vestiarium.

1300 408 1440 450 Βιβᾰριον.
1464 408 1499 441 V.
1523 408 1672 441 Vivarium.

1300 460 1429 492 Bibianus
1466 461 1578 494 loannes
1609 460 1697 493 vendit
1718 459 1827 492 Nicolao
1847 462 1875 492 et
1895 458 2011 502 Rogerio
2042 461 2210 497 Cbandaeari
2230 465 2279 498 do-

1342 521 1414 542 mum
1435 515 1462 542 et
1481 510 1593 543 hortum
1613 511 1641 542 in
1661 511 1768 543 civitate
1789 511 1948 543 Seminarae
1969 510 2043 549 402,
2068 512 2140 545 404.

1298 580 1341 585 -——
1362 570 1499 603 possessor
1519 562 1589 593 feudi
1610 562 1637 594 in
1657 561 1784 594 Calabria
1805 562 1878 595 298.

1300 614 1388 645 Bihilli
1410 613 1558 655 presbyteri
1576 614 1647 646 iilius
1669 614 1796 647 Nicolaus
1818 625 1843 646 v.
1871 614 1940 647 184.

1300 666 1416 697 Bibilius
1437 665 1577 707 Philippus
1597 670 1624 697 et
1645 666 1729 698 Maria
1750 667 1878 708 coniuges
1913 675 1976 699 cum
1996 666 2057 698 liliis
2078 666 2196 699 vendunt
2226 667 2280 700 Ro-

1341 716 1418 748 berto
1439 716 1539 748 Buciae
1561 717 1667 748 vineam
1683 718 1710 748 in
1731 725 1797 758 agro
1818 717 1940 758 Scyllacii
1963 718 2037 750 474.

1300 786 1341 790 -
1363 767 1500 809 Philippus
1521 775 1661 808 possessor
1683 767 1783 809 praedii
1803 768 1830 799 in
1851 776 1917 810 agro
1939 768 2062 811 Scyllacii
2084 768 2157 801 552.

1301 819 1413 859 Βιβόνη.
1438 820 1470 852 V.
1496 819 1612 852 Vibona.

1302 873 1396 904 Bibulo
1418 872 1529 914 (Petrus
1549 872 1593 914 de)
1615 870 1688 904 229.
1713 872 1745 905 V.
1769 872 1875 906 Cafirus
1896 872 2046 906 Robertus.

1301 926 1384 957 Bidcli
1406 924 1550 967 (Rogerius
1572 925 1617 967 de)
1641 926 1712 958 151.

1302 976 1488 1016 Βιγλιατίκου
1508 974 1591 1015 δόσις,
1615 977 1760 1019 praestatio
1781 981 1890 1019 propter
1909 977 2044 1011 excubias
2057 1002 2064 1016 ‚
2088 987 2105 1011 a
2126 986 2190 1011 voce
2211 979 2282 1020 νίῃί-

1342 1028 1393 1066 lia,
1418 1027 1489 1059 538.

1301 1079 1442 1110 uincunalo
1463 1078 1528 1119 (Leo
1549 1078 1593 1120 de)
1616 1082 1635 1111 t.
1661 1079 1712 1110 21.

1302 1129 1437 1168 Βινὲλλα,
1461 1130 1566 1168 vincli-1,
1590 1131 1660 1162 338.

1302 1184 1398 1215 Βίιιειιὶ
1421 1182 1542 1214 Riccardi
1563 1184 1673 1224 pracdia
1694 1183 1720 1214 in
1742 1191 1808 1225 agro
1828 1183 1949 1216 Crotonis
1971 1184 2042 1217 401.

1302 1234 1442 1275 Bingiarra
1463 1242 1490 1265 n.
1514 1233 1534 1265 1.
1560 1233 1630 1266 308.

1302 1286 1443 1317 umidam.
1471 1286 1504 1318 V.
1529 1286 1648 1318 Vinealc.

1303 1340 1404 1371 Bisicus
1426 1339 1481 1370 Leo
1503 1349 1528 1370 v.
1555 1338 1625 1371 181.
1826 1373 1828 1375 ,

1302 1392 1434 1423 Bis-iniano
1456 1391 1566 1431 (Petrus
1587 1390 1632 1432 de)
1653 1395 1674 1423 t.
1698 1390 1770 1423 284.

1302 1445 1441 1475 Bilaurum
1464 1452 1491 1474 n.
1515 1442 1534 1474 Ι.
1558 1442 1586 1474 in
1607 1451 1673 1483 agro
1694 1442 1725 1473 S.
1750 1442 1894 1474 Severinae
1914 1442 1986 1475 385.

1302 1496 1487 1527 ltili-ascellam
1508 1495 1561 1540 21,
1584 1494 1625 1525 vei
1646 1498 1839 1536 τραβικελλον
1862 1495 1912 1533 19,
1936 1504 1964 1525 n.
1987 1494 2007 1526 l.
2032 1494 2059 1525 in
2085 1502 2151 1536 agro
2172 1494 2279 1526 Troiae.

1302 1548 1384 1579 Bivini
1405 1548 1448 1579 via
1468 1547 1494 1578 in
1515 1555 1581 1588 agro
1603 1546 1711 1583 Troiae,
1735 1546 1824 1577 forsan
1846 1546 1949 1584 Barim,
1976 1546 2026 1585 19,
2049 1546 2101 1578 21.

1302 1600 1439 1630 Bizanotes
1459 1599 1622 1631 castellanus
1642 1597 1762 1638 Scyllacii
1784 1598 1855 1630 522.

1302 1650 1447 1681 Blammeni
1468 1649 1576 1690 praedia
1597 1649 1624 1679 in
1645 1657 1710 1690 agro
1731 1647 1816 1679 Aetae
1837 1649 1909 1681 546.

1302 1702 1448 1733 Blancardo
1470 1701 1595 1740 (loannes
1616 1701 1660 1741 de)
1681 1701 1857 1732 Granatarius
1877 1701 2024 1732 Francicae
2044 1699 2116 1732 264.

1301 1755 1408 1786 Blasius
1430 1753 1485 1794 (S.)
1508 1762 1536 1785 n.
1560 1753 1580 1785 l.
1604 1753 1632 1784 in
1652 1752 1779 1784 Calabria
1803 1752 1873 1790 128,
1898 1752 1970 1784 296.

1302 1806 1383 1837 Blatti
1404 1805 1536 1836 lordauus
1558 1808 1576 1835 t.
1602 1803 1674 1836 317.

1302 1856 1390 1887 Blatto
1410 1854 1524 1887 Michael
1545 1855 1657 1896 eiusque
1678 1854 1732 1886 iilia
1752 1855 1856 1887 Donata
1877 1855 1949 1886 518.

1302 1905 1443 1945 mipvas«,
1465 1906 1607 1938 caeruleus
1629 1906 1722 1944 color,
1746 1906 1818 1944 435,
1845 1915 1899 1938 vox
1920 1905 2034 1938 deducta
2054 1915 2071 1938 a
2092 1914 2154 1939 voce
2175 1906 2281 1939 infimae

1343 1959 1479 1991 latinitatis
1501 1958 1618 1996 blaviae,
1642 1958 1676 1988 de
1695 1966 1749 1999 qua
1769 1957 1803 1989 V.
1826 1958 1967 1999 Cangium.

1303 2010 1453 2052 Blepharus
1473 2009 1573 2040 Consta
1594 2012 1615 2039 t.
1639 2008 1711 2040 551.

1303 2062 1435 2100 Bavium,
1459 2062 1575 2099 luorum,
1600 2061 1672 2100 530,
1696 2061 1787 2094 forsan
1806 2070 1855 2103 pro
1874 2059 1991 2106 infridii»
2005 2087 2012 2101 ,
2036 2063 2107 2104 quod
2131 2064 2282 2096 eanotioae

1344 2114 1460 2146 occurrit
1479 2114 1506 2144 in
1527 2114 1620 2154 cangii
1641 2113 1738 2145 lexico.
1884 2111 1889 2116 '

1303 2165 1424 2196 Blundus
1445 2163 1571 2195 Sarullus
1592 2167 1613 2195 t.
1638 2163 1708 2195 124.
1771 2187 1774 2190 .

1304 2215 1428 2247 lioburus
1450 2214 1560 2246 Petrus.
1583 2214 1617 2245 V.
1643 2214 1780 2245 Tzoeellus
1801 2215 1908 2246 Niceta.

1304 2267 1469 2299 Bochomace
1492 2266 1701 2307 Christophorus
1723 2265 2014 2307 Spatharoezindidatus
2035 2267 2065 2298 9.
2080 2267 2112 2299 V.
2141 2268 2280 2309 Catapani,

1345 2318 1491 2360 Gregorius
1512 2318 1714 2349 Trachaniotes.
1830 2354 1833 2356 ,

1303 2369 1475 2402 Boeniundus
1498 2369 1671 2409 Barychallae
1693 2368 1817 2401 dominus
1838 2368 1910 2400 284.

1305 2440 1343 2443 -
1366 2420 1481 2452 Basilius
1502 2420 1572 2451 321.
1599 2420 1630 2450 V.
1655 2419 1812 2451 illassanova
1833 2419 1960 2460 (ioannes
1981 2419 2037 2460 de).

1304 2491 1342 2494 —
1365 2472 1446 2503 frater
1468 2471 1616 2502 llodiernae
1638 2470 1758 2502 dominae
1782 2469 1875 2512 Oppidi
1897 2469 1969 2502 295.

1303 2541 1342 2548 -
1365 2523 1461 2565 Oppidi
1482 2524 1605 2557 dominus
1626 2532 1643 2553 a
1665 2523 1825 2554 monasterio
1840 2522 1870 2554 S.
1884 2522 1991 2563 Georgii
2013 2523 2108 2564 accipit
2129 2525 2222 2555 decem
2235 2532 2283 2555 aa—

1343 2577 1384 2607 nis
1404 2576 1536 2617 quaedam
1559 2575 1668 2616 praedia
1690 2574 1774 2615 posita
1797 2574 1829 2605 ad
1850 2574 1949 2606 Collem
1965 2574 2124 2606 Pistillariae
2139 2579 2165 2606 et
2180 2575 2281 2607 omnen

1345 2628 1462 2659 Coccum
1483 2626 1534 2658 sub
1556 2634 1645 2657 annua
1667 2625 1844 2666 praestatione
1866 2624 1937 2656 471.

1305 2698 1344 2702 —-
1366 2677 1514 2719 Polscborii
1534 2677 1658 2708 dominus
1682 2675 1750 2707 126.

1304 2749 1343 2753 —
1366 2730 1476 2761 Tarenti
1496 2728 1618 2770 princeps
1643 2727 1713 2759 filius
1734 2725 1846 2758 Roberti
1859 2726 1941 2757 Ducis
1961 2726 2101 2758 confimat
2123 2726 2283 2758 monasterio

1346 2780 1377 2812 S.
1402 2779 1474 2811 Petri
1502 2777 1650 2819 lmperialis
1670 2778 1877 2808 instrumentum
1902 2776 2050 2808 donationis
2071 2775 2122 2808 65.

1306 2831 1420 2862 Roianus
1441 2829 1556 2861 Basilius
1578 2826 1824 2870 Protospatharius.
1851 2826 1883 2859 V.
1908 2826 2050 2869 Catapani.

1305 2882 1376 2914 lloici
1398 2884 1470 2913 terra
1490 2879 1561 2921 apud
1583 2877 1746 2911 Panormuiu
1770 2878 1839 2910 156.

1307 2933 1398 2964 licitus
1422 2931 1517 2963 Petrus
1541 2929 1611 2962 126.
