2560 3646
1190 354 1388 389 -606-

272 430 410 462 Murmero
432 428 575 471 (angerius
595 426 639 468 de)
661 420 733 457 491.
758 424 792 456 V.
817 422 992 465 chrysaphus
1011 423 1157 456 Galterius.

274 483 429 515 Murmerus
450 480 564 512 Basilius
584 485 723 520 possessor
744 476 844 518 praedii
865 477 891 508 in
913 484 979 518 agro
1001 474 1103 509 Catacii
1124 474 1198 507 476.

271 533 392 564 Murrani
414 530 551 572 praedium
574 529 600 559 in
621 536 687 570 agro
708 527 833 559 Crotonis
855 522 927 559 400.

271 582 421 615 Murtulites
442 580 612 612 Theorianus
632 577 771 620 presbyter
787 581 813 609 t.
839 577 912 609 530.

269 634 350 665 Muru
372 637 460 663 vetere
482 640 578 664 nomen
599 630 700 672 praedii
722 630 749 661 in
771 638 838 671 agro
858 627 966 660 Tarenti
988 628 1040 661 22.

270 685 348 716 Musa
369 683 557 716 Constantinus
578 681 651 714 462.

272 736 420 768 Musandus
441 734 610 773 δομέστικοσ,
634 734 684 772 18,
707 734 810 775 dapifer
829 733 980 776 provinciae
1000 732 1051 764 22.

267 804 309 812 —-
329 788 416 819 ludex
438 787 465 818 in
485 787 591 818 civitate
612 786 703 817 Asculi
726 785 775 817 10.

269 839 362 871 Musca
384 839 499 871 loannes
520 837 641 869 notarius
662 839 804 869 mutuatur
826 845 880 868 uno
901 844 971 868 anno
992 836 1100 868 cuidam
1115 835 1202 867 Fenso
1222 833 1256 865 de

307 889 448 923 Garisinda
468 889 575 921 unciam
596 896 709 919 auream
732 896 813 919 unam
836 887 909 919 475.

267 940 423 972 Muschatus
445 939 618 981 Praepositus
639 937 672 970 S.
695 937 830 970 Benedicti
852 938 902 969 10.
927 937 961 969 V.
985 938 1102 978 Accepta
1123 935 1254 968 monialis.

268 1013 310 1018 —
332 993 466 1025 liebertus
490 992 560 1031 152,
587 991 658 1025 153.

268 1063 310 1067 —-
332 1044 408 1075 Rotri
429 1043 510 1075 iilius.
535 1043 569 1075 V.
593 1041 758 1078 Moschatus.

271 1094 395 1126 bluserra
417 1093 532 1125 Basilius
557 1102 620 1125 cum
641 1092 700 1123 liliis
721 1091 810 1123 vendit
831 1090 971 1132 praedium
990 1088 1064 1120 Arno
1085 1089 1119 1120 de
1143 1087 1257 1129 Melphia

268 1216 311 1222 --
332 1198 445 1229 loannes
458 1196 547 1228 vendit
561 1195 671 1227 Nicolao
685 1194 773 1225 Miliae
789 1193 906 1225 vinetum
921 1193 946 1223 in
954 1201 1020 1234 agro
1034 1192 1177 1224 Nieoterae
1183 1190 1256 1221 259.

267 1248 423 1280 Musitracla
443 1255 472 1278 n.
496 1246 516 1279 l.
542 1246 612 1279 102.

270 1299 390 1333 Musoleo
410 1307 438 1330 n.
463 1298 483 1331 l.
507 1297 580 1330 553.

268 1352 374 1384 Musuri
395 1351 450 1383 Leo
471 1353 498 1382 et
518 1350 632 1382 Anatole
654 1353 686 1381 tt.
711 1349 785 1387 236,
808 1348 882 1380 237.

268 1403 426 1435 Mutarenae
447 1402 569 1443 aporium
591 1401 617 1432 in
638 1408 704 1442 agro
728 1401 811 1432 Aetne
832 1399 903 1432 516.

268 1455 367 1487 Mutari
388 1454 529 1496 praedium
551 1453 577 1484 in
599 1453 657 1486 loco
677 1452 748 1484 dicto
770 1451 904 1483 Buchorta
929 1450 999 1482 172.

269 1505 376 1537 Mutato
397 1503 437 1536 vel
459 1503 565 1536 Mutero
585 1503 687 1544 (Bonus
709 1500 811 1533 Consta
834 1501 932 1533 Petrus
953 1506 980 1533 et
1001 1500 1045 1532 alii
1067 1500 1111 1541 de)
1133 1503 1164 1531 tt.
1185 1499 1255 1537 125,

313 1556 383 1594 133,
414 1555 485 1593 164,
507 1554 582 1592 270,
605 1553 678 1592 293,
702 1553 776 1591 294,
801 1553 875 1591 547,
899 1552 971 1584 518.

266 1607 370 1638 lllutero
391 1606 458 1647 (Leo
479 1606 524 1647 de)
545 1615 608 1638 cum
628 1605 689 1637 filiis
705 1604 792 1636 vendit
814 1605 975 1637 monasterio
990 1604 1022 1637 S.
1039 1604 1168 1647 Stephani
1179 1613 1257 1646 prae-

307 1658 384 1689 dium
406 1658 433 1689 in
454 1657 516 1689 loco
537 1657 607 1688 dicto
627 1655 766 1688 Bucborta
788 1655 860 1694 172,
876 1655 957 1687 donat
970 1655 1110 1697 praedium
1131 1655 1258 1687 ecclesiae

310 1710 342 1740 S.
366 1709 468 1741 Mariae
489 1708 524 1741 de
542 1708 651 1740 Sturnis
673 1707 746 1740 547.

267 1780 309 1786 --
331 1761 457 1803 (Ioannes
478 1764 506 1793 et
528 1761 625 1793 Petrus
646 1761 692 1802 de)
714 1768 884 1802 possessores
904 1759 1076 1801 praediorum
1091 1760 1166 1798 270,
1181 1759 1255 1797 272,

309 1813 384 1844 278.
397 1830 439 1835 —-
452 1811 550 1843 Petrus
572 1812 631 1843 eius
653 1811 723 1842 tilius
744 1811 827 1843 tradit
837 1811 1044 1842 instrumentum
1058 1811 1192 1852 quoddam
1204 1810 1254 1841 Pe-

308 1869 351 1897 tro
373 1863 466 1896 Caleto
488 1863 561 1895 271.
975 1887 978 1891 .

268 1914 406 1946 Mutarum
428 1913 469 1946 vel
490 1913 625 1945 Muterum
635 1913 779 1944 Francicae
799 1912 1118 1955 pagus.—Possessores
1137 1911 1256 1954 praedio-

310 1974 373 1996 rum
394 1964 421 1995 iu
443 1972 511 2004 agro
539 1962 661 1994 eiusdem
676 1987 683 2001 ‚
706 1962 797 1994 Flavia
817 1962 881 1994 270
894 1987 902 2001 ,
924 1962 1083 2004 Mangiaboe
1107 1962 1178 2000 164,
1193 1961 1258 1994 Met-

310 2016 412 2048 chisius
426 2015 501 2054 270,
516 2015 640 2047 Mutatus
654 2014 729 2053 270,
751 2014 827 2047 Saba
847 2019 874 2046 et
894 2013 1011 2047 Solimus
1034 2014 1104 2047 164.

269 2068 401 2100 Mutuatio
423 2068 496 2100 475.

272 2120 444 2151 Mutzaraltus
465 2119 599 2160 Georgius
620 2128 645 2150 v.
671 2119 742 2150 559.

272 2172 370 2211 Μ)Ἰεες
392 2171 571 2202 molendinum
591 2170 619 2201 in
639 2179 706 2211 agro
728 2169 849 2202 Circlarii
870 2170 942 2202 235.

272 2222 337 2261 Myr}
360 2226 481 2253 castrum
503 2222 531 2252 in
551 2228 619 2261 agro
641 2219 728 2262 Orgili
750 2221 820 2253 149.

274 2289 314 2295 ψ-
336 2272 368 2302 de
391 2270 512 2312 Luppulo
534 2270 604 2301 tilius
626 2269 780 2312 Stephanus
801 2274 822 2301 t.
849 2270 920 2303 150.

277 2322 445 2361 lilyromanna
467 2320 595 2361 (Lucidus
616 2320 659 2360 de)
681 2320 801 2352 notarius
822 2320 873 2351 72.

746 2423 784 2464 Ν

275 2527 428 2566 Namparus
451 2526 563 2557 loannes
583 2528 705 2558 notarius
727 2526 850 2558 Badulati
871 2526 944 2565 439,
965 2527 1039 2559 440.

277 2577 404 2607 Naonctis
427 2577 530 2615 (Platea
553 2577 596 2616 de)
618 2578 645 2608 in
666 2577 771 2609 civitate
792 2575 925 2619 Callipolis
945 2577 1018 2609 515.

278 2627 351 2657 Naso
373 2627 523 2669 (Philippus
544 2629 601 2667 de),
625 2629 675 2658 τοῦ
694 2627 776 2670 pira,
800 2628 920 2660 notarius
942 2628 1014 2660 382.

278 2679 364 2709 Natali
387 2680 511 2718 (loannes
532 2679 576 2719 de)
596 2684 617 2710 t.
643 2680 716 2712 414.

280 2728 449 2768 Neapolanus
472 2729 601 2761 Pantaleo
623 2734 643 2762 t.
667 2730 739 2762 402.

280 2797 321 2802 -—
343 2779 563 2812 Bartholomaeus
579 2781 676 2823 aliique
699 2782 808 2814 tradunt
830 2783 990 2814 monasterio
1027 2782 1060 2815 S.
1083 2782 1212 2824 Stephani
1231 2782 1265 2814 de

324 2830 437 2863 Nemore
459 2837 561 2874 partem
585 2834 723 2865 vinearum
745 2834 830 2866 eidem
852 2834 969 2876 legatam
994 2837 1152 2867 testamento
1182 2832 1265 2866 Sicle·

324 2884 425 2922 grimae
446 2883 516 2916 372.

283 2950 325 2956 -
347 2933 473 2965 Nicolaus
493 2939 514 2965 t.
537 2936 609 2968 440.

286 2984 403 3014 Nemore
427 2983 472 3022 (s:
491 2984 575 3015 Maria
597 2991 623 3017 et
644 2987 675 3018 S.
700 2988 826 3021 Nicolaus
847 2989 904 3029 de),
927 2988 985 3019 τῶν
1007 2987 1136 3029 namin,
1160 2989 1231 3022 286.

1297 439 1337 445 ——
1357 421 1402 461 (S.
1426 421 1580 463 Stephanus
1600 419 1656 462 de).
1680 419 1713 451 V.
1737 420 1851 451 Monast.

1298 470 1498 504 Neocastrensis
1520 473 1659 514 episeopus
1681 472 1812 503 llenrieus
1832 471 1885 505 92.

1297 523 1465 555 Neocastrito
1486 523 1611 564 (loannes
1631 523 1675 564 do)
1697 526 1718 555 t.
1742 523 1813 554 201.

1299 573 1444 607 Neocastro
1465 575 1599 616 (Andreas
1619 575 1662 615 de)
1686 579 1706 606 t.
1731 576 1803 606 475.

1298 625 1460 656 Neocastrus
1481 624 1638 659 Catacensis
1659 629 1752 657 cantor
1773 625 1846 657 421.

1300 674 1388 705 Nereo
1411 673 1521 712 (Petrus
1541 675 1586 716 de)
1607 679 1629 707 t.
1652 675 1723 707 393.

1299 727 1433 764 Neritum,
1457 726 1586 768 Νέρετον,
1609 728 1666 759 ital.
1689 728 1796 766 Νανάὀ,
1822 727 1894 766 513,
1917 727 1991 760 53¹.

1380 778 1419 809 De
1440 777 1603 810 membranis
1626 779 1790 820 Episcopalis
1812 779 1917 810 archivi
1938 779 2051 811 Ner-itini
2079 779 2106 811 in
2128 778 2282 820 Neapolita·

1340 839 1405 861 num
1427 829 1573 861 archivum
1593 830 1689 862 delatis
1711 829 1752 861 adi
1773 832 1887 872 praelat.
1910 840 1938 872 p.
1961 831 2036 870 xvi,
2065 830 2130 864 xlx
2145 854 2153 868 ,
2175 835 2202 862 et
2222 829 2282 871 Syl-

1340 881 1396 913 lab.
1419 890 1447 922 p.
1472 880 1622 920 504-521,
1647 881 1793 920 523-531,
1816 882 1961 915 513-545.

1381 933 1574 965 Graecanicum
1595 934 1761 973 gymnasium
1785 933 1903 967 Neritina
1924 935 1949 966 in
1970 934 2040 967 urbe
2064 934 2214 966 institutum
2235 942 2284 975 per

1341 983 1487 1016 monachos
1503 1009 1512 1022 ,
1534 985 1581 1026 qui
1602 985 1826 1027 Constantinopoli
1849 987 1984 1028 iapygiam
2004 986 2044 1018 lx
2064 995 2136 1018 saec.
2168 986 2281 1017 advene-

1341 1039 1416 1074 runt,
1439 1035 1552 1077 praelat.
1575 1045 1602 1077 p.
1627 1036 1662 1068 X.

1302 1084 1386 1128 Νερὸν
1407 1087 1518 1119 flumen.
1544 1087 1577 1119 V.
1601 1088 1727 1129 Nigrum.

1301 1139 1418 1170 Nestorii
1439 1140 1582 1171 anathema
1604 1140 1675 1172 234.
1702 1141 1736 1172 V.
1758 1142 1976 1182 imprecationes·

1302 1191 1403 1222 Netum
1425 1192 1525 1223 flumen
1547 1192 1575 1223 in
1594 1191 1721 1224 Calabria
1742 1193 1815 1224 389.

1303 1243 1492 1284 Neuphotistes
1511 1244 1625 1275 Ioannes
1646 1249 1668 1276 t.
1692 1244 1763 1276 331.

1302 1296 1420 1327 Nialates
1441 1295 1482 1327 vel
1503 1296 1595 1327 Niblat
1615 1297 1715 1328 Consta
1736 1307 1762 1327 v.
1790 1297 1839 1328 78.

1301 1347 1435 1379 Nicander
1455 1349 1578 1380 notarius
1600 1347 1693 1388 Rhegii
1716 1347 1788 1384 421,
1813 1349 1886 1380 425.

1301 1416 1342 1421 -
1362 1397 1418 1438 (S.)
1440 1398 1539 1429 Mentio
1559 1397 1704 1429 obsidionis
1725 1398 1807 1430 huius
1826 1399 1938 1431 civitatis
1960 1399 2029 1432 119.

1302 1449 1366 1480 Nice
1387 1448 1536 1480 menardus
1557 1448 1637 1480 iudex
1658 1449 1743 1480 Aetne
1764 1449 1909 1482 431-434.

1301 1500 1480 1542 Nicephorum
1493 1498 1566 1539 255,
1580 1500 1819 1532 558.-Venditio
1840 1501 1938 1533 domus
1948 1501 1976 1534 in
1989 1501 2041 1534 bac
2055 1503 2160 1534 civitate
2170 1501 2288 1535 352.-

1344 1551 1412 1584 Eius
1428 1551 1572 1593 strategus
1586 1551 1748 1583 Laurentius
1762 1551 1833 1583 353.

1302 1603 1469 1646 Nicephorus
1489 1603 1642 1646 Stephanus
1663 1612 1802 1645 possessor
1823 1603 1921 1645 praedii
1945 1604 1971 1635 in
1993 1612 2060 1645 agro
2080 1603 2164 1636 Aecae
2185 1604 2258 1637 431.

1301 1654 1395 1686 Niceta
1405 1654 1489 1686 lector
1499 1658 1526 1686 et
1537 1653 1687 1686 tabularius
1698 1654 1877 1695 Agriotherae
1887 1654 1960 1693 360,
1967 1654 2116 1693 362,363,
2132 1654 2280 1699 396,397ὶ

1300 1724 1342 1729 —-
1362 1705 1502 1748 presbyter
1521 1710 1549 1737 et
1570 1706 1690 1738 notarius
1711 1705 1822 1747 Cagiani
1845 1706 1895 1745 71,
1918 1707 1969 1745 83,
1993 1707 2044 1738 84.

1302 1757 1452 1788 Niciteutae
1472 1756 1573 1788 Nicolai
1596 1756 1640 1788 mii
1663 1756 1760 1789 Leonis
1781 1757 1920 1798 praedium
1942 1757 1969 1788 in
1990 1765 2059 1799 agro
2086 1757 2190 1790 Olettae
2213 1758 2282 1790 143.

1298 1806 1431 1840 Nicodemi
1455 1807 1657 1847 (monasterium
1679 1806 1736 1847 S.).
1761 1806 1795 1837 V.
1819 1807 1934 1838 Monast.

1299 1859 1435 1890 Nicodemi
1457 1858 1523 1900 (Lco
1545 1858 1666 1889 notarius
1687 1858 1743 1898 S.).
1760 1858 1795 1890 V.
1812 1858 2002 1890 monasterium
2015 1857 2069 1890 SS.
2088 1858 2225 1890 Trinitatis
2235 1859 2286 1891 Ve-

1340 1918 1463 1942 nusinae.

1300 1962 1462 1994 Nicodemus
1485 1961 1657 2003 praepositus
1677 1962 1708 1994 S.
1732 1961 1835 1993 Nicolai
1854 1961 1889 1994 de
1911 1961 2034 1994 Peratico
2051 1962 2120 1994 145.

1301 2013 1403 2045 Nicolai
1425 2011 1559 2053 (Ecclesia
1580 2011 1626 2052 S.)
1646 2011 1680 2043 de
1702 2012 1831 2054 legistis.
1854 2012 1888 2044 V.
1912 2012 2045 2044 Ecclesia.

1301 2084 1342 2089 —
1363 2064 1497 2105 (Ecclesia
1518 2063 1562 2105 S.)
1584 2064 1611 2096 in
1631 2068 1721 2096 castro
1741 2064 1810 2097 dicto
1832 2064 1914 2096 Petra
1935 2064 2016 2097 Caeci
2040 2064 2089 2097 16.

1302 2134 1342 2140 -
1362 2116 1534 2157 (monasteria
1555 2115 1600 2157 S.)
1621 2117 1655 2148 de
1676 2116 1800 2155 Camato,
1822 2117 1856 2149 de
1878 2116 2026 2155 catholica.
2049 2117 2084 2149 de
2104 2116 2209 2159 Cipullo
2233 2121 2286 2150 ete.

1343 2169 1378 2200 V.
1401 2168 1513 2200 Monast.

1303 2219 1430 2250 Nicolaus
1451 2220 1563 2261 eiusque
1586 2228 1657 2251 uxor
1679 2219 1763 2251 illaria
1786 2220 1857 2252 541.
1882 2220 1914 2251 V.
1939 2221 2092 2261 Composta.

1302 2289 1345 2296 -
1366 2271 1436 2303 tilius
1457 2271 1654 2312 Hyacinthellac
1670 2272 1741 2305 178.
1758 2272 1792 2304 V.
1810 2271 2000 2305 monasterium
2015 2272 2048 2305 S.
2066 2272 2140 2304 Petri
2161 2272 2289 2313 Imperia·

1344 2321 1388 2360 lis,
1411 2321 1527 2354 Census.

1303 2390 1345 2395 —
1367 2373 1438 2404 filius
1459 2373 1577 2414 Magistri
1600 2372 1696 2405 Leonis
1717 2373 1788 2405 345.
1814 2372 1845 2403 V.
1871 2372 1953 2404 Bucia
1975 2373 2113 2405 Nicolaus.

1305 2442 1347 2447 —
1369 2425 1465 2456 Comes
1487 2424 1591 2456 Olettae
1617 2424 1688 2462 137,
1715 2424 1785 2461 138,
1811 2424 1881 2461 143,
1907 2424 1976 2461 154,
2002 2423 2074 2461 170,
2100 2424 2168 2456 175.

1305 2495 1346 2500 -
1368 2476 1488 2508 notarius
1509 2476 1697 2514 Achemnhae,
1711 2476 1838 2508 Nicotaus
1852 2477 1971 2507 notarius
1989 2477 2083 2513 Actae,
2101 2476 2226 2518 Nicolaus
2241 2483 2289 2506 ne-

1348 2529 1432 2559 tarius
1452 2532 1480 2559 et
1501 2531 1636 2569 strategus
1658 2528 1805 2564 Mesomm,
1819 2532 1872 2559 ete.
1890 2527 1920 2559 V.
1939 2526 2112 2566 Acheruntia,
2135 2529 2214 2565 Aeta,
2237 2529 2292 2559 bic-

1348 2588 1441 2611 sorum
1462 2584 1546 2617 term,
1570 2585 1623 2611 etc.

1306 2631 1454 2663 Nicolettus
1477 2630 1574 2673 Petrus
1595 2635 1616 2662 t.
1640 2629 1711 2661 322.

1307 2682 1446 2720 Nicotera,
1471 2680 1622 2723 Νικοτὲρὰ,
1647 2681 1703 2713 ital.
1729 2681 1871 2719 Nicoma,
1897 2681 2038 2713 Calabriae
2058 2682 2194 2723 oppidum.

1390 2734 1477 2766 Baiuli
1499 2734 1631 2767 eiusdem:
1657 2734 1770 2772 Ioannes
1791 2733 1865 2772 339,
1889 2734 1989 2765 Petrus
2009 2733 2043 2765 de
2063 2733 2176 2765 Salemo
2197 2732 2270 2764 331.

1393 2786 1502 2828 Capella
1524 2786 1596 2818 338.

1332 2858 1335 2861 -
1391 2838 1560 2870 castellanus
1582 2837 1696 2869 loannes
1715 2837 1787 2869 339.

1392 2891 1522 2923 Dominus
1541 2890 1627 2922 dictae
1648 2894 1735 2921 terrae
1755 2890 1911 2923 Gualterius
1932 2889 2005 2928 349,
2026 2888 2098 2921 350.

1356 2943 1359 2946 “
1394 2943 1497 2975 Domus
1519 2943 1545 2973 in
1567 2942 1661 2974 eadem
1683 2942 1843 2984 pertinentes
1856 2941 1890 2973 ad
1905 2939 2100 2979 Caballan‘um,
2117 2941 2292 2979 Giannutum‚

1352 2989 1495 3028 nazarum,
1519 2989 1633 3032 Regem,
1657 2988 1853 3027 Santanellum‚
1877 2988 2034 3030 Superciam
2055 2989 2126 3021 338.
