2652 3762
971 527 1085 582 (801)
1101 527 1280 570 ——lllense
1304 528 1499 571 Februario
1514 525 1704 572 —lmlictL
1732 530 1788 573 lX.

506 640 565 676 Leo
581 640 626 675 VJ
637 640 813 686 lmperaeor
831 636 994 673 Casae‘nensi
1007 639 1149 674 coenobio
1163 639 1324 674 universas
1337 639 1501 684 confirmae
1514 638 1722 684 possessiones,
1739 650 1818 686 quas
1833 639 1865 674 ιἰι
1880 638 2118 685 Lonqobarcle'ae
2131 638 2258 673 themate

1154 697 1235 731 idem
1250 696 1429 731 coenobium
1446 695 1612 730 obtinebat.

431 804 622 847 Preeeptum
651 799 755 835 leonis
780 800 990 847 Imperatoris
1019 800 1058 835 de
1082 801 1233 836 omuibus
1262 801 1361 836 rebus

382 860 489 893 Sancli
505 857 681 892 Benedicti.

427 915 517 949 Sicut
531 926 618 949 nuuc
637 920 670 949 et
686 914 726 949 de
739 914 815 950 hinc
828 914 870 950 sit
886 927 924 951 ea
941 915 1117 962 imperialis
1133 915 1311 950 seetndum
1327 920 1360 949 et

381 978 454 1007 ante
471 984 571 1020 quam
587 984 758 1020 regnarem
775 974 868 1009 uobis
880 974 1109 1009 annuntiatum
1122 980 1183 1008 est.
1199 980 1235 1008 ut
1248 973 1360 1008 obser-

382 1038 476 1067 xetur
490 1044 528 1067 ea
541 1044 617 1067 cum
629 1032 780 1068 omuibus
793 1033 826 1067 in
839 1033 981 1067 circuitu
994 1032 1187 1067 habentibus
1200 1038 1232 1066 et
1247 1038 1359 1066 tenen-

380 1089 468 1124 tibus
480 1088 559 1125 suis.
572 1095 605 1124 et
623 1090 753 1135 quantis
769 1090 830 1124 sub
843 1102 881 1124 ea
899 1102 979 1126 vero
995 1089 1081 1125 villis
1098 1090 1277 1125 subsistunt
1295 1091 1358 1125 siut

380 1146 448 1180 sine
465 1147 627 1182 calumnia
644 1152 743 1193 atque
769 1147 838 1181 sine
855 1147 986 1183 damno.
1005 1153 1038 1182 et
1055 1160 1097 1183 ex
1122 1148 1190 1194 ipsa
1208 1149 1356 1193 augustia

379 1201 592 1240 servientium
615 1204 836 1251 imperialium
849 1211 948 1253 atque
965 1206 1082 1241 damna
1101 1206 1169 1241 sive
1184 1207 1358 1253 participa-

380 1261 466 1295 tione
479 1267 511 1296 et
525 1262 675 1296 monachi
693 1262 750 1308 qui
767 1262 890 1298 ibidem
902 1263 1035 1310 degunt.
1047 1264 1116 1298 sine
1129 1264 1356 1298 contrarietate

376 1325 407 1354 ct
425 1320 619 1367 cogitatione
637 1320 715 1355 sint.
735 1327 773 1356 ut
790 1323 952 1357 orationes
968 1334 1050 1369 quas
1068 1335 1128 1368 pro
1146 1323 1283 1369 imperio
1300 1336 1358 1358 no-

375 1386 442 1413 stro
453 1379 591 1414 fundunt
604 1379 722 1414 cotidie
731 1379 772 1414 ad
780 1380 878 1415 deum
887 1387 1034 1427 pergant.
1044 1383 1150 1416 Nemo
1158 1381 1246 1415 enim
1254 1393 1296 1415 ex
1306 1381 1357 1416 his

374 1436 524 1472 omnihus
549 1437 608 1485 qui
633 1449 691 1484 pro
717 1442 862 1484 tempora
876 1438 994 1473 debent
1011 1449 1080 1473 esse
1098 1439 1131 1473 in
1148 1438 1356 1484 langobardia

376 1497 524 1543 stratjgy.
543 1496 611 1531 sive
627 1497 767 1543 propriis
784 1509 841 1532 seu
856 1498 1051 1532 [rumarchis
1065 1498 1117 1533 vel
1133 1498 1357 1544 protospatha-

375 1552 442 1587 riis.
453 1552 716 1601 archiepiscopis,
727 1555 885 1602 episeopis
900 1561 932 1591 et
943 1555 1080 1603 reliquis
1092 1555 1126 1590 in
1140 1568 1176 1590 ea
1189 1555 1357 1602 provincia

1402 799 1635 836 habitantibus.
1662 800 1736 834 Sive
1761 811 1820 844 pro
1836 811 2043 845 quocumque
2061 799 2194 835 servitio
2211 799 2373 846 imperiali
2424 794 2426 797 ’

1402 859 1537 894 veniunt
1562 863 1599 893 ut
1615 858 1680 892 siut
1696 858 1765 891 sine
1783 858 1896 891 timore
1916 883 1924 891 .
1946 858 2012 892 sive
2030 863 2224 904 potestatem
2237 859 2376 892 habeant

1400 915 1434 950 iu
1451 916 1520 962 ipso
1536 914 1721 950 habitaculo
1737 919 1770 948 et
1786 914 1820 948 in
1834 914 1971 948 circuitu
1986 915 2106 960 ejus.et
2122 925 2250 960 resque
2263 915 2324 948 sul»
2338 927 2377 949 ea

1400 975 1511 1009 est.Et
1525 973 1675 1008 monachi
1692 984 1750 1020 per
1764 972 1891 1007 nullum
1908 971 2040 1006 modum
2052 971 2209 1018 injustum
2220 971 2373 1007 habeant.

1400 1033 1468 1068 sive
1494 1032 1671 1080 temptandi
1696 1032 1748 1068 vel
1773 1031 1958 1067 damnandi.
1985 1031 2051 1066 sive
2077 1030 2292 1076 augustiandi.
2320 1042 2375 1065 seu

1399 1090 1612 1125 diminuandi.
1631 1095 1688 1124 aut
1709 1089 1743 1123 in
1764 1101 1802 1123 ea
1822 1088 2064 1136 applicandum.
2087 1086 2248 1122 Volumus
2267 1091 2376 1121 antem

1400 1147 1484 1181 sicut
1508 1146 1632 1181 dictum
1656 1151 1704 1180 est
1729 1146 1873 1180 modum.
1893 1157 1936 1179 ex
1960 1143 2110 1179 omnibus
2127 1142 2213 1177 etde
2227 1142 2376 1176 omnibus

1399 1205 1684 1252 quaedamnantur
1693 1215 1736 1238 ex
1745 1204 1967 1250 imperialibus
1980 1202 2145 1238 beneficiis
2157 1206 2189 1236 et
2202 1200 2372 1246 angustiis.

1399 1265 1461 1299 nisi
1475 1269 1510 1298 ut
1518 1275 1556 1297 ea
1565 1263 1758 1298 observetur
1765 1263 1868 1297 libera
1875 1264 1944 1298 sine
1953 1261 2196 1309 impedimento.
2208 1259 2377 1295 Suilli-iant

1397 1334 1510 1357 omnes
1529 1321 1636 1356 solum
1652 1322 1889 1357 mostrandum.
1908 1326 1942 1356 et
1954 1326 2120 1356 ostensum
2132 1325 2283 1355 nostrum
2297 1318 2376 1352 [hle-

1399 1381 1463 1415 lcm
1487 1381 1642 1428 sigillum.
1670 1381 1793 1415 sactum
1817 1390 1875 1425 per
1899 1390 2045 1413 mensem
2062 1377 2276 1412 februarium.
2293 1387 2376 1409 nona

1398 1439 1584 1475 indictione.
1606 1440 1643 1474 In
1667 1450 1753 1473 anno
1770 1449 1830 1472 sex
1845 1437 1973 1472 milium
1990 1435 2196 1483 quadrigenti
2213 1435 2376 1482 quinqua-

1397 1499 1486 1546 gjnta
1513 1509 1644 1533 novem.
1665 1499 1702 1532 Iu
1720 1510 1787 1545 quo
1803 1504 1836 1533 et
1852 1504 2001 1533 nostrum
2019 1496 2146 1532 fidelem
2162 1496 2223 1531 deo
2238 1496 2375 1530 miss-um

1398 1556 1598 1602 assignatum
1613 1561 1663 1591 est
1679 1555 1874 1590 dominium.

1447 1658 1513 1702 (Ex
1529 1658 1596 1701 Reg.
1614 1659 1686 1690 Petri
1701 1659 1888 1691 Diae-1³01.
1907 1658 2006 1692 vau
2021 1668 2107 1696 verso,
2126 1659 2171 1689 n.⁰
2193 1656 2247 1688 110
2262 1659 2283 1697 j».

1343 1826 1423 1879 lll.

877 1941 992 1998 (8⁹2)
1011 1967 1066 1974 —
1082 1942 1202 1985 Mense
1222 1942 1322 1985 lunio
1341 1967 1394 1975 -—
1411 1942 1540 1984 indict.
1562 1942 1878 1983 x—Beneveuti.

376 2051 601 2098 λθ’ψηχκιίὴιόιίιε
619 2051 795 2099 Imperialis
813 2051 1102 2097 Protospatharius,
1119 2050 1154 2085 <in
1171 2050 1249 2085 aula
1266 2052 1482 2086 Beneventanum
1505 2051 1627 2096 doyens,
1647 2048 1889 2095 Raqemfssramlo
1914 2045 2050 2081 coenob&
2076 2044 2250 2080 Casium-‘sis
2267 2045 2371 2080 abbati

423 2110 587 2156 confirmat
613 2109 803 2145 ivnonastert'a
828 2116 897 2144 tum
920 2107 957 2143 S.
978 2107 1112 2155 Sophiae
1129 2119 1196 2142 mm
1211 2119 1283 2142 cum
1299 2109 1389 2143 rebus
1405 2108 1541 2143 eiusdem
1557 2107 1591 2141 ιἰι
1606 2107 1643 2141 S.
1663 2107 1781 2141 Ιοιιηησ
1797 2107 1835 2140 de
1853 2105 1932 2140 valle
1951 2103 2075 2139 Polluci
2096 2104 2286 2143 catamitus,
2309 2110 2375 2136 eum

422 2169 457 2202 S.
478 2169 600 2204 Μανὶαο
616 2170 654 2203 de
673 2167 907 2208 plumbariola,
926 2174 953 2202 et
970 2166 1007 2202 S.
1025 2167 1148 2202 Maride
1164 2168 1202 2202 de
1223 2166 1338 2213 Cinqla
1352 2179 1450 2214 prope
1468 2167 1585 2212 [lumen
1607 2166 1812 2200 thturnnm.

423 2274 615 2319 preceptum
628 2273 653 2308 si
658 2271 804 2319 mbatjcii
813 2269 990 2317 imperialis
999 2268 1249 2316 protospatharii
1258 2267 1297 2302 de
1307 2280 1359 2302 re-

377 2333 435 2367 bus
444 2333 478 2368 S.
490 2332 667 2368 Benedicti.
677 2336 710 2366 et
724 2329 918 2366 monasterio
930 2330 964 2364 S.
974 2328 1105 2375 sophiae
1114 2328 1148 2362 in
1161 2327 1257 2362 heum
1265 2334 1353 2362 ento.

379 2390 625 2438 llagemprando
643 2388 762 2424 abbati.

426 2450 462 2483 ln
486 2449 616 2483 nomine
641 2447 777 2483 domini.
804 2448 872 2494 Ego
889 2445 1070 2493 simbatjcio
1087 2443 1264 2491 imperialis
1281 2455 1357 2490 pro-

380 2509 603 2556 tospatharius.
614 2514 646 2543 ct
662 2507 809 2555 siratjgo.
822 2506 1022 2546 macedonic,
1032 2504 1143 2540 tracie.
1153 2503 1352 2550 cephalonie.

378 2571 474 2612 ¹atque
488 2564 701 2612 longibardie.
713 2566 800 2599 Dum
818 2563 994 2598 residerem
1010 2562 1044 2596 iu
1057 2561 1109 2595 dei
1122 2560 1252 2595 nomine
1270 2559 1357 2595 intus

378 2623 497 2669 palatio
509 2622 692 2658 beneventi.
708 2622 851 2657 Entilma
869 2620 951 2656 facio
969 2619 1029 2655 tibi
1049 2617 1285 2665 ragemprando
1300 2629 1356 2653 ve-

379 2680 512 2715 nerabili
532 2680 640 2716 abbati
665 2679 853 2715 monasterii
877 2679 912 2713 S.
933 2675 1098 2711 Benedicti
1123 2675 1182 2722 qui
1206 2674 1356 2710 aedifica-

378 2743 448 2771 tum
464 2743 513 2772 cst
537 2743 644 2772 castro
661 2738 782 2773 casino.
811 2735 947 2772 lusimul
972 2740 1006 2770 et
1025 2733 1083 2769 tibi
1108 2732 1211 2767 erisso
1228 2732 1356 2768 medico

377 2800 407 2828 et
426 2794 601 2841 preposito.
623 2794 811 2830 monasterii
829 2799 959 2829 sanctae
980 2792 1112 2839 sophiae
1132 2791 1189 2838 qui
1206 2790 1356 2827 aedifica-

380 2860 448 2888 tum
474 2859 520 2889 est
537 2854 624 2889 intus
650 2854 868 2889 beneventum
892 2853 950 2899 qui
975 2852 1118 2899 subjecta
1143 2858 1192 2887 est
1218 2851 1355 2886 cenobio

380 2910 478 2945 sancti
495 2911 671 2945 Benedicti.
691 2911 849 2946 Similiter
875 2916 908 2945 et
932 2909 1127 2944 monasteria
1153 2909 1350 2956 puellarum.

376 2968 492 3002 Sancta
509 2967 608 3004 maria
635 2967 673 3002 de
690 2967 919 3014 plumbariola.
947 2965 1053 3002 Simul
1075 2971 1109 3002 ct
1126 2971 1234 3002 sancta
1252 2967 1353 3002 maria

1399 2268 1439 2303 de
1457 2268 1577 2315 cingla.
1595 2268 1653 2314 qui
1671 2266 1789 2301 residet
1803 2266 1898 2313 juxta
1916 2265 2053 2299 ssuvium
2071 2263 2277 2299 vulturnum.
2294 2262 2375 2297 Ubi-

1399 2338 1541 2373 cumque
1559 2324 1660 2360 suerit
1682 2324 1721 2359 de
1739 2324 1798 2358 ista
1815 2323 1958 2370 predicta
1983 2326 2138 2367 quattuor
2162 2321 2372 2355 monasteria.

1400 2383 1497 2419 rebus
1513 2394 1640 2418 servos.
1660 2382 1712 2417 vel
1730 2381 1874 2416 ancillas.
1894 2381 1968 2415 Non
1985 2379 2026 2414 sit
2046 2378 2261 2425 quiscumque
2277 2378 2376 2413 homo

1399 2441 1456 2487 qui
1470 2440 1585 2475 audeat
1599 2445 1655 2474 aut
1668 2445 1834 2485 presumat
1848 2439 1953 2471 facere
1964 2436 2080 2483 aliquit
2093 2434 2372 2470 contrarietatem.

1397 2506 1454 2536 aut
1470 2500 1628 2535 lesionem
1645 2510 1773 2534 causam
1795 2497 1835 2531 de
1854 2497 2006 2544 predictis
2022 2495 2236 2530 monasteriis.
2256 2495 2392 2528 Simul->

1398 2569 1462 2604 que
1478 2563 1511 2592 et
1529 2569 1581 2591 res
1594 2562 1724 2591 sanctae
1746 2555 1877 2602 sophiae
1894 2566 1958 2601 que
1973 2553 2068 2588 habet
2083 2553 2116 2586 in
2130 2558 2242 2586 sancto
2263 2551 2375 2586 iohan-

1398 2630 1438 2653 ne
1454 2617 1495 2652 de
1512 2617 1598 2652 valle
1614 2616 1750 2664 polluci.
1765 2620 1797 2650 et
1814 2614 1964 2649 similiter
1981 2612 2020 2646 de
2033 2611 2156 2647 asculo.
2173 2610 2223 2645 vel
2241 2610 2274 2645 in
2291 2621 2374 2656 qua-

1398 2687 1539 2723 cumque
1556 2682 1643 2711 terra
1668 2685 1791 2721 seuque
1807 2673 1954 2708 civitates
1979 2670 2129 2705 habuerit
2146 2669 2243 2703 rebus
2259 2675 2291 2703 et
2305 2669 2375 2704 loca

1397 2735 1575 2771 dominatio
1591 2740 1779 2770 sauctorum
1795 2731 2044 2779 imperatorum.
2063 2730 2107 2764 Ut
2123 2727 2248 2762 nuliam
2269 2727 2376 2774 appli-

1396 2796 1570 2830 cationem.
1592 2799 1649 2829 aut
1665 2793 1797 2828 fortiam
1815 2791 1932 2825 sac-iant
1949 2788 2070 2823 ibidem
2087 2787 2174 2822 servi
2191 2786 2231 2821 de
2248 2793 2376 2822 sancto-

1398 2863 1472 2886 rum
1488 2852 1736 2897 imperatorum.
1757 2859 1816 2882 nec
1842 2847 1874 2881 in
1892 2845 2102 2881 monasterie.
2124 2855 2179 2879 seu
2197 2843 2300 2878 cellis.
2321 2844 2375 2878 vel

1396 2908 1535 2943 cellulis.
1563 2907 1630 2942 sive
1656 2905 1758 2940 curtis
1783 2909 1816 2939 et
1840 2903 1990 2938 omuibus
2016 2901 2218 2948 pertiuentiis
2244 2901 2370 2935 vestris.

1397 2979 1504 3015 neque
1528 2966 1567 3002 de
1582 2964 1720 3001 cunetis.
1748 2962 1862 2999 servis.
1887 2966 1920 2997 ct
1937 2960 2075 2996 ancillis.
2104 2959 2171 2995 Aut
2193 2959 2231 2995 de
2259 2959 2375 2995 vestris
