2560 3646
1172 373 1374 415 ..590—

265 456 384 491 Gemella
405 455 542 497 (Nicolaus
562 455 608 496 do)
634 456 655 487 t.
681 452 733 484 56.

267 508 415 541 Gemellum
437 515 467 538 n.
487 506 509 538 l.
533 505 559 536 in
581 512 647 545 agro
669 500 802 545 Episcopii
826 500 898 540 157,
923 499 994 539 159,
1020 497 1091 538 168,
1115 497 1189 531 222.
1229 526 1233 530 .

265 561 401 594 Gemellus
422 557 538 590 Basilius
558 563 698 598 possessor
717 551 819 596 praedii
840 554 875 586 in·
888 561 956 595 agro
975 553 1061 586 Asiae
1081 551 1154 589 441,
1171 551 1243 585 451.

264 630 306 637 --
326 611 439 642 Ioannes
462 607 533 646 159,
560 606 630 644 160,
656 604 726 637 168,
816 630 821 635 ,

267 679 308 686 -
329 659 384 691 Leo
404 666 543 700 possessor
565 660 701 689 terrarum
715 656 742 687 in
755 663 821 698 agro
842 654 976 697 Episcopii
994 654 1067 694 157,
1083 654 1167 687 donat
1181 662 1247 686 uou-

306 709 381 741 nulla
401 708 509 751 praedia
530 707 693 740 monasterio
713 706 745 739 S.
769 705 879 748 Georgii
903 705 974 737 159.

264 760 399 795 Geniistus
420 759 552 800 Georgius
573 758 685 800 eiusque
717 757 761 789 mii
783 756 935 788 Demetrius
949 759 977 787 et
998 754 1166 787 Andronicus
1188 754 1247 785 533

304 817 330 843 et
351 821 425 854 seqq.
450 810 484 842 V.
509 810 688 852 Palaeologus
709 808 880 847 Theodorus,
903 808 1017 840 loannes
1037 811 1065 839 et
1084 807 1244 839 Demetrius.

265 862 399 904 Genepius
421 860 554 893 Comittus
576 864 597 894 t.
626 860 693 892 131.

263 914 394 947 Genesius
415 912 584 945 Caballarius
605 915 626 945 t.
650 911 724 944 221.

267 983 308 989 -
331 962 568 1006 Protospatharius
590 963 639 995 18.

264 1017 383 1049 Genisus
405 1016 524 1048 notarius
545 1014 667 1047 Badulati
689 1014 762 1046 520.

264 1066 382 1100 Gennaci
404 1066 530 1107 (loannes
550 1066 595 1108 de)
618 1069 640 1098 t.
666 1064 737 1097 123.

264 1118 392 1153 Gennaco
413 1117 581 1158 (Theodorus
601 1117 646 1158 de)
669 1126 695 1148 v.
722 1115 791 1147 185.

265 1170 475 1213 Gennaropollus
496 1169 551 1201 Leo
574 1168 645 1200 152.

266 1221 376 1255 Gentilis
397 1219 536 1262 presbyter
556 1218 708 1250 tabularius
729 1216 838 1248 Tarenti
860 1216 933 1253 370,
957 1215 1031 1253 371,
1055 1214 1127 1247 388.

268 1270 395 1304 Gentzani
416 1269 512 1300 Leonis
533 1269 672 1311 praedium
694 1268 720 1300 in
742 1276 808 1309 agro
829 1267 928 1298 Simeri
949 1265 1020 1298 388.

264 1323 421 1354 Genuenses
440 1321 630 1353 commercium
652 1319 816 1352 exercebant
837 1319 1017 1352 Alexandriae
1040 1317 1109 1349 146.

265 1372 414 1404 Genuensis
437 1371 567 1414 Iosephus
588 1372 698 1413 praerat.
722 1380 750 1412 p.
774 1370 878 1402 xxm.

265 1425 395 1457 Genuitus
402 1423 518 1456 Blancus
525 1428 552 1455 et
558 1424 617 1455 eius
628 1432 699 1456 uxor
709 1423 782 1454 Bona
789 1422 899 1454 530.V.
909 1422 1100 1454 Monasterium
1111 1421 1142 1453 S.
1152 1420 1249 1453 Mauri.

268 1474 408 1507 Geotridus
429 1473 528 1506 Comes
549 1473 672 1505 Bailulati
695 1472 768 1504 220.

269 1528 375 1569 Georgii
398 1526 600 1567 (monasterium
622 1525 668 1566 S.)
689 1525 722 1556 de
742 1524 879 1556 Bebalino.
907 1525 938 1555 Υ,
965 1525 1076 1556 Monast.

265 1596 306 1601 »-
329 1577 529 1618 (Monastcrium
550 1576 594 1616 S.)
616 1584 696 1616 prope
720 1574 900 1616 Episcopinm.
924 1575 956 1606 V.
983 1575 1094 1607 Monast.

265 1628 381 1668 Georgio
401 1626 511 1666 (Petrus
532 1626 575 1666 de)
597 1626 667 1656 tilius
689 1625 823 1657 Michaelis
846 1626 916 1656 395.

265 1679 396 1720 Georgius
417 1677 473 1718 (S.)
494 1677 567 1710 429.

263 1747 304 1752 -
325 1728 396 1760 tilius
418 1728 516 1759 Iudicis
539 1727 612 1759 Petri
633 1728 753 1770 notarius
775 1732 802 1759 et
829 1728 980 1760 tabularius
1002 1728 1110 1760 Tarenti
1134 1728 1205 1761 529.

264 1797 306 1803 -
328 1779 466 1821 presbyter
487 1782 514 1810 et
535 1778 686 1810 tabularius
707 1778 779 1811 291.

264 1849 305 1855 -—-
326 1835 472 1872 protopapa
493 1828 525 1861 S.
549 1828 624 1861 Petri
645 1828 777 1860 Cremasti
800 1829 870 1860 371.

265 1881 391 1913 Geracari
414 1879 486 1911 Petri
508 1879 645 1922 praedium
667 1880 694 1911 in
713 1888 782 1922 agro
804 1880 926 1922 Scyllaea
947 1880 1020 1917 407,
1048 1881 1154 1914 loannis
1177 1881 1249 1913 409.

265 1932 410 1964 Geracaris
430 1930 552 1972 Thyrsus
575 1934 595 1962 t.
621 1930 694 1969 165,
719 1930 790 1963 167.

266 1983 403 2015 Gerardus
426 1982 519 2014 Abhas
541 1981 693 2014 Casincnsis
717 1983 787 2020 113,
812 1986 838 2014 et
860 1983 972 2024 praerat.
997 1993 1023 2025 p.
1048 1983 1147 2015 xxvt.

268 2037 425 2069 Gerasimus
447 2036 614 2077 praepositus
638 2035 669 2067 S.
694 2036 820 2076 Gregorii
840 2037 1037 2078 'thaumaturgi
1058 2036 1133 2073 406,
1159 2036 1230 2068 408.

269 2086 423 2117 Germanito
445 2085 612 2125 (Theodorus
633 2086 679 2125 dc)
701 2089 723 2118 t.
746 2085 818 2117 425.

271 2138 405 2168 Germano
427 2134 585 2175 (Rainaldus
607 2135 640 2166 de
663 2135 707 2176 S.)
729 2139 749 2167 t.
773 2135 846 2167 287.

271 2188 417 2219 Gervasius
427 2186 485 2218 Odo
500 2190 520 2218 t.
530 2186 601 2217 235.
612 2186 745 2218 —Donat
760 2186 829 2218 tiliae
842 2195 911 2219 suae
926 2187 1024 2219 Mariae
1039 2188 1169 2230 quaedam
1185 2189 1255 2220 bona

291 2252 296 2262 ·
312 2239 339 2269 iu
353 2245 419 2279 agro
434 2235 555 2268 Circlarii
576 2236 648 2268 245.
658 2254 700 2260 -
710 2236 780 2269 Cum
794 2238 849 2270 filia
862 2239 945 2270 Maria
965 2243 994 2270 et
1012 2240 1144 2272 Gulielmo
1160 2239 1255 2272 Ponte-

314 2290 382 2320 sarte
405 2288 491 2320 rendit
512 2288 615 2319 vineam
637 2287 770 2321 Gulielmo
795 2289 912 2322 Gervaso
934 2290 1005 2323 264.

273 2339 418 2371 Gervasius
438 2339 606 2380 praepositus
627 2338 659 2371 S.
682 2339 820 2371 Nicodemi
841 2340 940 2382 aliique
961 2341 989 2373 iu
1004 2341 1197 2384 emphyteusim
1212 2351 1256 2374 ac-

316 2391 416 2430 cipiunt
437 2389 575 2431 praedium
596 2398 613 2421 a
634 2391 794 2423 monasterio
815 2390 846 2423 S.
873 2391 996 2423 Pbantini
1019 2392 1089 2424 395.

274 2459 313 2464 —
336 2441 509 2482 Praepositus
530 2440 563 2472 S.
588 2440 691 2472 Nicolai
711 2441 784 2473 397.

275 2510 312 2516 -—
337 2492 488 2525 Gulielmus
511 2492 583 2525 261.
609 2493 643 2525 V.
667 2494 811 2526 Gervasius
834 2494 903 2527 Ode.

275 2544 433 2576 Gerucicala
456 2544 569 2576 loannes
590 2555 616 2577 v.
642 2545 714 2577 559.

276 2594 385 2626 Gisandi
406 2593 476 2625 tilius
499 2594 613 2626 loannes
635 2594 706 2628 216.
732 2596 765 2629 V.
790 2595 896 2629 Ebulus
918 2597 1042 2629 Ioannes.

277 2643 403 2676 Giabicus
425 2653 452 2676 n.
476 2645 495 2677 l.
521 2645 593 2678 308.

277 2696 407 2727 Giannelli
430 2697 503 2728 rivus
524 2696 595 2729 338,

281 2747 406 2777 Giannuti
428 2747 524 2778 donnus
547 2748 571 2778 in
594 2749 699 2781 civitate
720 2750 861 2782 Nicoterae
883 2750 953 2783 338.

282 2798 462 2830 Gianoncarus
484 2799 614 2831 Henricus
635 2801 708 2839 483,
731 2804 803 2835 481.

282 2850 352 2882 Giezi
373 2850 445 2891 lepra
467 2852 505 2882 56
527 2857 554 2883 et
575 2853 649 2884 alibi.
673 2854 707 2886 V.
733 2855 949 2897 imprecationes.

283 2901 407 2933 Gimarca
429 2902 551 2941 (loannes
572 2903 615 2944 de)
630 2913 769 2945 possessor
783 2907 953 2948 praediorum
967 2908 993 2939 in
1008 2915 1074 2949 agro
1089 2909 1171 2942 Actae
1187 2908 1258 2942 462.

285 2951 429 2984 Gimarcha
449 2952 481 2983 de
503 2952 683 2987 claromonte.
709 2957 740 2987 V.
767 2957 947 2991 claromonte.

290 3002 429 3036 Giotirium
451 3001 629 3039 Eremitarum
651 3015 677 3040 n.
703 3008 721 3040 l.
746 3009 772 3040 in
795 3018 860 3051 agro
882 3010 994 3043 Hieracii
1015 3011 1085 3045 356.

1288 444 1415 480 Ginldus
1436 443 1597 489 Capellam
1616 442 1726 479 Comitis
1746 442 1929 487 Boeotii-¹18.

1289 498 1376 532 Gitius
1396 498 1527 531 Arcadius
1548 498 1600 537 78,
1622 502 1650 530 ot
1669 496 1827 530 Theodorus
1847 505 1889 530 w.
1915 496 1966 530 ¹17.

1288 550 1381 584 Gitzus
1401 551 1520 584 Basilius
1541 560 1567 584 v.
1593 550 1665 590 559,
1690 549 1761 582 560.

1288 619 1330 625 -
1351 601 1465 633 Ioannes
1486 601 1641 634 Vicecomes
1661 600 1766 634 Olettae
1788 599 1862 640 212,
1884 598 1958 632 213.

1288 672 1330 678 -
1350 654 1445 686 Niceta
1465 656 1487 685 t.
1511 652 1584 686 212.

1289 723 1330 729 -
1350 703 1478 736 Nicolaus
1498 713 1524 735 v.
1551 703 1634 737 101.-

1293 775 1330 781 -
1351 755 1450 788 Petrus
1472 755 1627 787 vicecomes
1648 756 1755 788 Olettae
1776 755 1850 789 228.

1288 825 1330 831 -
1351 806 1482 839 Photinus
1504 809 1525 838 t.
1550 806 1624 839 218.

1289 859 1410 892 Giuncus
1431 867 1459 890 n.
1482 857 1502 890 1.
1526 857 1555 890 in
1575 866 1641 899 agro
1661 857 1783 890 Cirelarii
1803 857 1876 890 264.

1290 907 1421 940 renarra
1441 907 1513 947 356,
1536 908 1610 947 376,
1624 907 1695 946 532,
1711 911 1740 940 et
1752 907 1873 948 γοᾶηα
1887 907 1961 948 487,
1977 907 2079 949 tunice,
2102 914 2181 940 voces
2201 911 2273 949 quae

1332 959 1358 990 in
1380 958 1474 1000 cangii
1495 959 1582 991 lexico
1602 959 1800 991 desiderantur.

1290 1010 1453 1053 Glapsadum
1474 1019 1503 1042 u.
1526 1010 1547 1042 l.
1571 1011 1598 1042 in
1618 1019 1684 1052 agro
1704 1010 1845 1045 Nicoterae
1866 1010 1941 1044 259.

1290 1061 1398 1103 Glapsia
1417 1061 1545 1093 Nicotaus
1566 1061 1638 1094 240.

1290 1128 1333 1136 -
1352 1111 1509 1144 Theodorus
1530 1115 1558 1143 et
1578 1111 1693 1144 Basilius
1713 1111 1784 1144 filius
1805 1112 1901 1146 Leonis
1920 1115 1954 1146 tt.
1977 1111 2050 1144 238.

1292 1163 1415 1204 Glapsiac
1436 1163 1513 1195 vinea
1532 1163 1558 1194 iu
1578 1172 1644 1205 agro
1665 1163 1806 1195 Nicotcrae
1827 1163 1901 1196 259.

1292 1214 1404 1247 Glaucia
1424 1215 1537 1247 loannes
1558 1218 1586 1248 et
1605 1212 1735 1248 Nicolaus
1753 1214 1853 1249 honis
1872 1216 1918 1249 mii
1938 1218 1972 1249 tt.
1996 1215 2069 1250 260.

1293 1263 1430 1304 Minna
1450 1265 1524 1298 356.

1293 1316 1418 1358 Γνωρῖμη
1439 1317 1508 1353 468.
1534 1314 1670 1360 ἶγνωρῖμη
1691 1318 1766 1359 472,
1788 1319 1946 1362 recognitio.

1293 1366 1421 1400 Gobitzus
1443 1369 1557 1401 Ioannes
1577 1369 1650 1401 466.

1293 1418 1415 1451 Godinus
1436 1421 1555 1453 notarius
1578 1421 1649 1453 108.

1293 1490 1335 1496 -
1355 1475 1377 1503 t.
1404 1472 1475 1511 100,
1498 1473 1641 1515 Strategus
1662 1474 1684 1505 t.
1711 1473 1782 1512 150,
1808 1473 1879 1505 155.

1292 1525 1394 1556 Gosi'oni
1415 1535 1443 1557 n.
1467 1525 1487 1558 l.
1510 1525 1537 1557 in
1558 1526 1721 1568 pertinentiis
1742 1526 1852 1557 Rusiani
1875 1525 1925 1557 64.

1252 1608 1256 1615 ,
1293 1575 1432 1608 Gom-edus
1452 1576 1522 1609 fitius
1543 1577 1663 1619 Hugonis
1684 1576 1803 1609 Circlarii
1824 1575 1911 1609 rendit
1938 1576 2076 1620 praedium
2107 1575 2217 1609 Nicolao
2237 1574 2272 1607 de

1334 1626 1489 1659 Tzitzierudi
1510 1627 1582 1660 2t3.

1294 1677 1411 1710 Gomane
1431 1678 1522 1710 Bonus
1542 1683 1563 1710 t.
1590 1679 1661 1711 197.

1293 1729 1384 1770 Gorga
1404 1729 1447 1770 (S.
1471 1730 1555 1762 Maria
1575 1730 1619 1771 de)
1640 1731 1666 1762 in
1686 1730 1812 1763 Calabria
1834 1730 1906 1764 102.

1295 1781 1411 1821 Gorgani
1433 1781 1541 1819 fluvius,
1564 1781 1669 1824 βρύσις,
1692 1782 1718 1812 ἱη
1739 1790 1804 1822 agro
1825 1781 1921 1813 Troiae
1945 1781 1995 1813 19.

1295 1833 1402 1872 Gorgiis
1424 1833 1563 1874 (Paganus
1585 1834 1630 1873 de)
1650 1838 1671 1864 t.
1698 1834 1749 1866 78.

1295 1883 1368 1913 Gotti
1392 1883 1516 1914 Matthaei
1537 1883 1633 1914 domus
1655 1884 1680 1915 in
1701 1884 1806 1916 civitate
1826 1883 1927 1916 Catacii
1949 1883 2021 1915 378.

1295 1933 1453 1966 Gotzulinus
1475 1935 1594 1966 notarius
1620 1935 1688 1967 100.

1297 1985 1438 2028 roupi-ipim
1461 1986 1531 2024 171,
1555 1987 1621 2017 forte
1643 1995 1691 2028 pro
1712 1985 1861 2028 κονμέρια,
1884 1985 2010 2019 arbutus.

1297 2039 1412 2070 Gravina
1433 2038 1474 2077 (S.
1500 2039 1619 2080 Angelus
1639 2038 1684 2078 dc)
1707 2038 1776 2071 186.

1297 2088 1419 2121 Grabuni
1440 2089 1578 2131 praedium
1598 2090 1626 2120 in
1646 2088 1778 2122 Calabria
1800 2089 1870 2122 146.

1297 2139 1446 2171 Gradalone
1466 2140 1500 2171 de
1519 2139 1640 2171 Miandra
1661 2144 1682 2172 t.
1706 2139 1779 2172 320.

1297 2191 1416 2223 Graecae
1435 2191 1645 2233 subscriptiones
1672 2193 1699 2224 in
1733 2192 1821 2225 latinis
1851 2192 2014 2225 membranis
2037 2191 2119 2224 seculi
2139 2191 2163 2224 X
2186 2195 2214 2223 et
2234 2191 2287 2224 xl<

1338 2244 1450 2285 praelat.
1475 2255 1501 2285 p.
1526 2244 1603 2276 vltt.

1298 2295 1476 2327 Graecanicae
1497 2295 1668 2327 membranae
1689 2295 1856 2337 Neapolitani
1877 2295 1984 2327 Archivi
2012 2296 2125 2337 praerat.
2149 2305 2177 2337 p.
2206 2294 2274 2328 xtll
2332 2334 2334 2336 v

1339 2350 1366 2376 ct
1385 2354 1399 2376 s
1453 2369 1459 2376 .

1299 2355 1492 2427 uraecaffissum
1514 2396 1692 2436 gsmnasium.
1715 2396 1749 2428 V.
1775 2396 1908 2428 Neritum.

1301 2446 1395 2477 Graeci
1417 2447 1546 2477 sermonis
1569 2447 1650 2484 νὶςεε,
1674 2447 1784 2487 praelat.
1811 2457 1836 2488 p.
1863 2447 1894 2478 V.
1919 2450 1946 2478 et
1966 2456 2041 2488 seqq.

1300 2499 1394 2530 Graeci
1417 2498 1599 2530 Turinarchac
1620 2499 1650 2530 3.

1302 2551 1429 2582 Graeciae
1445 2551 1556 2591 Magnae
1567 2551 1866 2592 legislatoresZaleucus
1873 2556 1899 2583 et
1909 2552 2274 2595 Charondas,praet'at.p.Vl.

1304 2620 1340 2625 —
1364 2603 1557 2633 transmarinae
1578 2608 1605 2635 ct
1626 2603 1735 2644 Magnae
1759 2603 1861 2641 laudes,
1885 2605 1996 2646 praefat.
2020 2614 2047 2646 p.
2071 2604 2106 2637 V.
2130 2608 2157 2637 et
2178 2604 2226 2637 vt.

1302 2655 1406 2687 Graeco
1427 2654 1557 2695 (llhaonis
1579 2655 1624 2695 de)
1646 2658 1733 2687 terrac
1756 2655 1780 2687 in
1802 2664 1867 2696 agro
1889 2656 2036 2688 Albiilonae
2058 2655 2133 2688 347-

1303 2705 1423 2737 Graecus
1444 2705 1560 2736 Basilius
1582 2705 1700 2737 Vihonae
1722 2705 1801 2737 iudex
1820 2706 1891 2743 494,
1916 2706 1987 2737 tuo.

1302 2772 1343 2779 —
1366 2756 1477 2787 loannes
1498 2760 1519 2788 t.
1545 2755 1606 2786 223
1627 2766 1652 2788 v.
1681 2757 1747 2788 117.

1303 2823 1344 2830 —
1366 2805 1523 2847 Pelegrinus
1544 2810 1564 2837 t.
1590 2805 1661 2837 3⁶25.

1305 2859 1500 2890 Grammaticus
1521 2858 1572 2890 58.

1305 2929 1345 2934 -
1367 2909 1498 2942 Sebastus
1519 2915 1539 2942 t.
1563 2910 1635 2942 522.

1305 2961 1479 2993 Granatarius
1500 2961 1642 2993 Francicae
1665 2961 1777 2993 Ioannes
1798 2961 1830 2993 de
1851 2960 1995 2995 Blaneardo
2019 2962 2059 2994 26
2067 2963 2090 2995 t.

1274 3053 1276 3055 ‚
1306 3013 1483 3045 Granaterius
1505 3014 1626 3055 Argffirus
1647 3018 1666 3045 t.
1690 3012 1759 3043 326.
