2560 3646
1143 324 1343 359 -616—

237 409 344 443 Roseini
365 408 451 451 oppidi
472 405 570 438 mentio
591 403 643 436 84.

237 461 358 493 Rossauo
381 457 551 499 (Theodorus
572 454 617 495 tle)
638 457 659 486 t.
682 451 756 485 3¹14.

238 514 397 547 Rossanum,
422 507 578 545 Pwesdvov,
602 506 661 538 ital.
684 506 817 543 Romano,
840 500 982 534 Calabriae
1003 498 1140 541 oppidum.

320 559 573 601 Arebiepiseopatus
592 556 675 589 buius
695 555 809 587 civitatis
830 553 902 585 385.

319 611 530 654 Arebiepiseopi:
556 609 670 642 Cosmus
692 607 763 646 141,
786 606 901 639 Ioannes
915 603 988 636 225.
1011 601 1045 634 V.
1058 601 1172 632 Monast.
1189 598 1220 630 S.

277 664 386 697 loannis
406 663 440 695 de
461 660 581 699 Calveto,
606 658 744 691 Romanus
765 656 816 688 69.
841 655 876 688 V.
903 651 1116 697 Arcbiepiseopi.

319 714 480 748 Donatioues
501 711 567 744 inibi
587 711 674 743 saetae
694 710 747 748 6-1,
771 708 823 741 68.

320 766 436 799 Flumen
456 763 595 796 Trieutum
615 760 688 793 225.

321 818 456 851 Locorum
476 814 594 847 nemim:
616 811 723 845 Cursus
743 810 866 854 leporum
880 834 888 848 ,
910 805 1105 851 λαγοδρομῖων
1121 830 1129 845 ,
1158 805 1198 836 ot
1216 829 1223 841 ,

280 872 435 904 Draouuera
455 866 528 905 225,
550 865 663 899 Goffoue
683 863 736 896 64.

321 918 493 952 ltlonasteria:
516 916 549 948 S.
573 915 703 948 Hadriani
723 914 773 952 68,
797 913 829 946 S.
854 911 961 946 loannis
981 911 1015 944 de
1029 908 1139 954 Calveto
1150 907 1223 944 225,

285 973 316 1005 S.
341 972 452 1004 Menuae
472 970 524 1002 64.
549 969 584 1001 V.
607 967 724 1001 namt.

324 1024 452 1057 Notarius
472 1022 529 1054 [ιο
552 1020 623 1053 155.

325 1075 492 1109 Permutatio
512 1073 644 1106 bonorum
666 1071 738 1103 225.

325 1127 440 1159 Praedia
460 1123 619 1167 pertinentia
640 1122 673 1154 ad
694 1121 858 1154 monasteria
878 1119 910 1151 S.
933 1119 1035 1151 1111111111
1062 1117 1155 1149 Novae
1176 1115 1228 1147 llo-

290 1179 428 1219 degetriae
450 1175 522 1213 139,
545 1178 573 1206 et
593 1173 647 1206 SS.
671 1172 808 1205 Trinitatis
829 1171 957 1203 cavensis
977 1170 1030 1207 64,
1053 1169 1104 1201 68.

245 1231 447 1261 Rossemamtus
467 1225 552 1257 iudex
572 1225 600 1256 iu
619 1224 725 1256 civitate
745 1221 837 1255 Asculi
861 1222 911 1254 10.

242 1281 313 1312 lloto
334 1277 499 1319 (Matthaeus
519 1275 563 1317 de)
584 1273 669 1307 iudex
689 1273 848 1306 Seuiinarae
868 1272 945 1311 471,
966 1271 1040 1304 473.

243 1330 387 1367 llotulum,
409 1327 535 1371 pom
555 1334 653 1368 genus,
675 1324 817 1367 ρύτουλον
836 1321 956 1365 qiman,
979 1323 1052 1355 468.

243 1381 368 1416 Rotunda
391 1389 422 1413 ιι.
446 1380 466 1412 l.
491 1380 519 1411 iu
538 1387 604 1420 agro
626 1376 718 1410 Ursuli
742 1376 814 1409 109.

248 1431 408 1466 ltotzuliuus
429 1427 568 1461 Robenus
588 1435 729 1469 possessor
748 1426 850 1468 praedii
870 1425 897 1456 iu
917 1433 984 1466 agro
1004 1422 1143 1465 Tropaeae
1158 1422 1230 1454 236.

248 1487 357 1522 Ροι-γα,
380 1481 466 1517 vicus,
490 1478 563 1510 377.

249 1532 383 1565 lluballus
404 1529 520 1562 Ioaune's
540 1533 562 1560 1.
585 1528 658 1560 315.

248 1582 383 1615 ltubbiola
405 1579 546 1617 Nicotaus,
569 1579 602 1611 de
623 1578 646 1610 li
668 1577 798 1611 Rubln'oli
811 1601 820 1616 ‚
841 1585 983 1620 possessor
1003 1575 1101 1620 praedii
1123 1577 1150 1608 in
1170 1584 1236 1618 agro

291 1633 408 1670 Olettae,
434 1631 509 1669 215,
531 1629 607 1668 273,
630 1629 705 1661 275.
772 1633 776 1635 ’
929 1644 931 1646 ·

248 1685 364 1717 Rubusa
384 1693 412 1716 ιι.
436 1683 456 1715 l.
481 1684 508 1715 in
529 1681 658 1714 Calabria
679 1680 751 1714 556.

248 1736 368 1769 nuntiari
389 1735 496 1767 loannis
518 1733 659 1776 praedium
680 1733 706 1764 in
727 1731 854 1765 Calabria
877 1732 948 1764 172.

253 1787 370 1819 ltutares
391 1785 524 1816 Arcadius
545 1793 572 1816 v.
597 1782 669 1815 559.
1126 1800 1128 1803 -

258 1838 373 1868 lluliana
383 1836 426 1875 (5.
439 1834 552 1866 Ioannes
565 1834 603 1874 in)
612 1834 684 1876 apud
699 1832 830 1865 Asculum
847 1832 896 1871 11,
915 1831 965 1871 14,
983 1831 1026 1865 vel
1039 1832 1073 1864 de
1086 1830 1170 1864 Rutta
1185 1831 1236 1862 25.

253 1887 411 1920 llumbulus
433 1887 548 1918 loannes
569 1890 590 1917 t.
613 1885 686 1918 411.

255 1941 399 1971 iluiutares
421 1938 535 1970 loannes
556 1947 582 1969 v.
607 1937 679 1968 559.

255 1991 387 2022 ltundello
408 1989 568 2030 (Gulielmus
589 1988 633 2027 de)
654 1991 674 2018 t.
703 1988 772 2020 118.

254 2042 347 2082 ltupes
368 2040 449 2071 Ariae
469 2046 498 2069 ιι.
522 2038 542 2070 l.
567 2038 594 2069 iu
615 2046 681 2080 agro
704 2037 795 2070 Ursuli
818 2038 888 2070 109.

255 2109 298 2115 -
318 2089 510 2121 columbarum
532 2089 558 2119 in
579 2087 705 2120 Calabria
731 2087 800 2119 102.

256 2158 299 2165 ——
321 2139 429 2180 Elegzel
450 2147 532 2180 prope
554 2138 718 2170 panormum
742 2138 812 2169 156.

258 2210 300 2216 -
322 2190 416 2222 Rubra
438 2190 466 2220 in
486 2197 553 2230 agro
574 2187 664 2220 Ursuli
689 2188 763 2220 109.

259 2244 380 2275 ttusaoes
401 2240 456 2273 Leo
478 2239 622 2281 Strategus
643 2238 766 2271 Badulati
788 2238 860 2270 221.

259 2294 359 2324 ltusari
380 2292 455 2323 vinea
476 2291 503 2322 in
525 2298 592 2332 agro
614 2290 754 2321 Nicoterae
777 2288 849 2320 259.

262 2344 385 2375 Rusatus
407 2343 520 2375 loannes
540 2351 567 2373 v.
592 2340 664 2372 559.

260 2394 371 2425 ttuseuo
393 2391 518 2433 (Coastae
539 2391 583 2432 de)
605 2391 742 2432 praedium
763 2391 790 2421 in
811 2389 938 2422 Calabria
959 2390 1030 2422 383.

261 2445 349 2475 Rusiti
371 2451 458 2485 pagus
478 2443 506 2473 in
531 2441 659 2473 Calabria
681 2441 754 2479 288,
778 2440 850 2474 556.

263 2495 358 2526 Rusito
379 2492 492 2534 (Consta
513 2492 556 2533 de)
578 2491 650 2524 234.
676 2492 709 2524 V.
735 2491 858 2523 Pasebali
879 2491 1004 2533 <loannes
1025 2492 1082 2533 de).

265 2565 306 2570 —
327 2546 470 2587 (angerius
491 2545 538 2585 de)
558 2549 579 2576 t.
604 2543 678 2582 214,
701 2544 774 2582 255,
799 2543 873 2576 276.

266 2614 307 2620 -
329 2595 480 2636 (Salomon)
502 2594 573 2625 tilius
594 2594 718 2626 Gulielmi
740 2602 879 2635 possessor
900 2594 1000 2634 praedii
1021 2594 1048 2625 iu
1070 2601 1136 2636 agro
1150 2593 1252 2627 circla·

309 2648 342 2678 rii
365 2647 434 2679 191.
457 2671 460 2673 ,

269 2700 381 2730 ltusitus
403 2697 534 2739 Rogerius
555 2702 575 2729 t.
601 2698 674 2735 290,
698 2698 769 2730 309.

269 2749 368 2780 ltusius
390 2748 487 2780 Petrus
509 2747 582 2786 559,
605 2752 632 2779 et
653 2748 767 2780 loannes
789 2748 861 2786 560,
886 2758 927 2780 vv.

270 2818 312 2825 —
328 2800 455 2882 Siggzps
478 2800 575 2834 alentio
596 2800 743 2833 donationis
765 2800 800 2832 ab
822 2809 855 2833 eo
875 2800 962 2833 saetae
977 2800 1104 2833 ecclesiae
1119 2801 1150 2835 5.
1167 2800 1254 2834 Leon-

316 2852 344 2882 1ιί
430 2874 436 2881 .

275 2901 417 2934 Russellus
438 2902 550 2935 loannes
570 2908 590 2935 1.
615 2904 686 2936 291.

275 2955 357 2988 nussi
378 2953 522 2987 Lonibarai
544 2959 730 3001 testamentum
753 2957 825 2991 427.

1265 390 1354 423 Russo
1373 389 1483 431 (Petrus
1502 380 1545 430 de)
1567 386 1639 419 filius
1659 384 1794 418 Stanoteri
1813 387 1836 417 t.
1861 383 1933 416 555.

1265 441 1372 473 llussoti
1393 448 1479 482 pagus
1500 438 1528 471 iu
1547 436 1676 471 Calabria
1696 435 1770 469 486.

1266 493 1372 524 llussus
1392 490 1521 532 Cyriacus
1540 489 1622 522 iudex
1643 488 1778 530 Callipolis
1798 484 1871 524 506,
1895 484 1968 517 507.

1266 561 1306 570 -ν
1327 543 1443 574 loannes
1462 549 1600 584 possessor
1621 539 1716 572 domus
1738 540 1763 570 in
1785 535 1948 580 pertinentiis
1967 532 2091 567 Crotonis
2110 532 2183 566 401.

1266 611 1306 616 —-
1328 592 1446 624 Thomas
1465 599 1603 634 possessor
1622 589 1763 623 molendini
1785 589 1811 620 in
1832 594 1899 629 agro
1920 588 2004 618 aene
2025 583 2101 616 334.

1268 644 1398 677 Rustunci
1420 642 1462 686 (S.
1486 642 1616 675 Nicolaus
1635 642 1681 683 de)
1701 642 1729 673 iu
1748 639 1818 672 urbe
1838 637 1938 670 Cataeii
1959 636 2031 668 491.

1268 698 1358 730 llusus
1380 694 1615 737 Protospatharius
1637 691 1810 724 Chananites
1829 688 2022 723 monasterium
2040 685 2073 718 S.
2095 684 2198 718 ffieolat
2211 685 2247 717 (le

1307 747 1439 790 Monopoli
1459 747 1487 779 iu
1507 746 1643 789 propriam
1660 747 1821 786 ,potestatem
1840 741 1953 773 vindicat
1974 740 2026 772 53.

1267 802 1349 834 Rutta
1371 799 1413 841 (S.
1438 799 1551 831 loannes
1571 797 1617 838 de)
1638 794 1710 837 apud
1731 794 1863 826 Asculum
1884 792 1936 831 11,
1957 791 2011 830 25,
2033 791 2083 824 vel'
2100 789 2133 822 de
2154 788 2248 822 Rulia·

1309 860 1343 883 na
1365 850 1416 888 11,
1441 848 1491 881 14.

1270 886 1389 934 Ruttfaris
1410 899 1565 933 Alexander
1584 898 1657 930 389.

1270 953 1396 985 llutundo
1417 951 1541 992 (loannes
1561 949 1606 990 de)
1630 948 1700 981 151.
1723 943 1727 947 ’

1271 1005 1358 1047 'ltyaei
1378 1003 1469 1036 Basilii
1489 1002 1604 1034 tiliorum
1625 1000 1733 1043 praedia
1754 999 1781 1031 in
1802 1006 1870 1041 agro
1891 997 1975 1030 Asiae
1996 996 2068 1029 458,

1271 1054 1359 1095 phun,
1382 1054 1480 1097 platea,
1503 1053 1576 1091 515,
1599 1051 1672 1090 519,
1696 1049 1769 1084 520.

1273 1106 1380 1138 'Purser
1400 1105 1540 1148 xwpa'piov
1560 1104 1632 1137 358.

1682 1190 1839 1235 Sars

1273 1280 1347 1312 Saba
1369 1278 1478 1321 praedia
1499 1277 1527 1309 iu
1547 1275 1673 1309 Calabria
1695 1275 1770 1314 133,
1790 1273 1860 1306 161.

1274 1329 1423 1363 Saboeinae
1444 1328 1638 1361 monasterium
1659 1326 1733 1358 307.

1274 1382 1378 1414 sabulo
1405 1380 1536 1422 (lingonis
1556 1379 1600 1420 do)
1631 1383 1658 1410 et
1678 1377 1805 1420 Regalias
1832 1375 1960 1408 Malainao
1988 1373 2096 1407 tabulae
2123 1371 2258 1415 nuptiales

1316 1433 1530 1465 2-16.-Μειιιίο
1551 1431 1624 1463 286.
1636 1450 1652 1456 --
1667 1453 1686 1456 .«
1705 1452 1707 1454 -

1276 1483 1362 1515 Saeea
1383 1481 1559 1523 (Eustacltius
1580 1481 1625 1522 de)
1646 1490 1673 1512 v.
1699 1479 1768 1511 184.

1277 1534 1425 1571 Sacellum,
1448 1531 1631 1569 Σακκίλλον,
1655 1539 1684 1564 n.
1708 1530 1728 1562 l.
1753 1530 1779 1561 in
1800 1527 1931 1560 Calabria
1952 1527 2002 1559 58.

1278 1583 1405 1622 Saeculli,
1428 1580 1630 1619 Σακκούλλου,
1654 1587 1727 1612 terra
1749 1580 1776 1611 in
1799 1578 1923 1610 Calabria
1944 1577 2016 1609 300.

1279 1635 1405 1672 Saecullo
1426 1634 1566 1676 (Nicolaus
1588 1632 1726 1674 presbyter
1746 1631 1790 1671 de)
1811 1630 1932 1662 notarius
1954 1629 2005 1659 96.

1280 1685 1436 1724 Σακέλλα,
1460 1684 1490 1722 7,
1514 1681 1686 1727 σακιιέλλιον
1708 1681 1762 1719 47,
1778 1678 1943 1711 σακκὲλλον
1959 1678 2020 1710 522
2035 1681 2061 1709 el
2082 1677 2157 1715 alibi,
2173 1677 2259 1708 Aera-

1321 1739 1406 1770 rium.
1549 1748 1551 1751 ·
1845 1743 1847 1745 ·

1282 1786 1385 1826 Σαγὶς,
1409 1784 1571 1826 stragulum,
1595 1784 1646 1815 80.
1673 1798 1678 1802 ·

1282 1838 1369 1870 Salasi
1390 1839 1466 1869 vinea
1488 1837 1514 1867 in
1536 1835 1660 1867 Calabria
1681 1834 1753 1866 298.

1283 1890 1394 1922 Salerno
1416 1888 1505 1929 (llugo
1527 1888 1571 1928 de)
1592 1892 1612 1918 t.
1637 1887 1710 1925 320.
1792 1882 1793 1885 ’

1284 1959 1324 1966 -
1343 1941 1453 1981 (Petrus
1473 1939 1514 1979 de)
1537 1939 1645 1970 baiulus
1666 1938 1806 1969 Nicoterao
1827 1937 1897 1968 331,

1285 2010 1325 2017 —
1346 1992 1464 2033 (Tzoll'us
1485 1991 1528 2031 de)
1551 1989 1584 2022 V.
1608 1989 1724 2021 'rzolrns

1286 2043 1428 2075 Salernum
1449 2041 1528 2079 urbs,
1545 2039 1698 2081 Σκλέμην,
1719 2038 1842 2076 Salemo,
1858 2037 2012 2078 occupanda
2026 2046 2042 2068 a
2058 2037 2172 2077 nogotio
2192 2035 2267 2077 Rege

1331 2093 1547 2126 Qua—alentio
1569 2091 1652 2133 ipsius
1675 2091 1725 2129 14,
1750 2091 1802 2128 64,
1819 2089 2105 2121 68.—ltlonasterium
2116 2087 2170 2119 55.
2183 2087 2270 2119 Trini-

1329 2146 1391 2177 tatis
1405 2146 1432 2176 in
1446 2143 1611 2185 pertinentiis
1633 2143 1727 2183 ipsius.
1745 2141 1780 2173 V.
1803 2139 2152 2172 Monaster.—Salernitani
2168 2139 2266 2170 tareni.

1331 2196 1363 2227 V.
1388 2193 1645 2226 Tareui.-Salerni
1667 2192 1775 2224 zonulae
1797 2191 1870 2223 487.

1290 2247 1408 2280 Salicum
1430 2254 1457 2277 ιι.
1481 2245 1500 2277 l.
1523 2245 1594 2277 308.

1291 2296 1442 2335 Σαλίκεια,
1470 2296 1575 2334 salioes,
1599 2296 1671 2327 265.
1841 2330 1854 2339 ·

1292 2349 1399 2380 Salinae
1421 2348 1527 2385 veteris,
1551 2348 1603 2380 τῆς
1623 2347 1753 2378 παλαιᾶς
1775 2343 1900 2383 ἀληκῆς,
1923 2345 2065 2386 praedium
2089 2344 2157 2376 1:30.

1293 2398 1421 2430 Satinitus
1442 2397 1568 2429 Nicolaus
1591 2406 1616 2427 v.
1640 2396 1712 2427 558.

1293 2449 1469 2480 Salmiantum
1491 2448 1588 2479 flumen
1610 2447 1681 2488 apud
1705 2446 1811 2478 Nonam
1834 2446 1884 2477 96.
1909 2445 1943 2477 V.
1968 2445 2151 2476 Sarmentum.

1293 2498 1420 2531 Σαλτῶν
1435 2497 1477 2538 (5.
1495 2498 1579 2529 Maria
1595 2502 1620 2528 ct
1635 2497 1666 2528 S.
1684 2497 1811 2528 Nicolaus
1826 2496 1895 2536 τῶν)
1912 2495 1955 2534 ‚de
1971 2495 2097 2532 Nemore,
2114 2494 2185 2533 386,
2203 2494 2273 2526 5:16.

1293 2548 1431 2580 Saltoruni
1453 2549 1552 2579 {lumen
1576 2548 1603 2578 iu
1625 2546 1751 2579 Calabria
1774 2547 1846 2578 556.

1294 2600 1445 2632 Saltaticus
1466 2599 1615 2631 Culiehuus
1638 2604 1657 2630 t.
1681 2598 1753 2630 219.

1295 2653 1418 2685 Salvator
1439 2651 1495 2691 (S.)
1519 2652 1544 2682 in
1566 2659 1633 2692 agro
1654 2650 1720 2691 51)Ἰί
1745 2650 1815 2683 102.

1296 2722 1336 2727 -—
1358 2702 1415 2742 (5.)
1436 2701 1621 2732 Caminarotae
1646 2701 1678 2732 Υ.
1702 2701 1902 2733 Monasterium.

1296 2753 1444 2785 Salvatoris
1465 2752 1596 2792 (Ecclesia
1618 2752 1663 2792 5.)
1685 2753 1711 2783 111
1732 2762 1798 2792 agro
1819 2753 1962 2783 Minci-rino
1986 2752 2036 2789 11,
2064 2751 2112 2788 14,
2136 2750 2187 2781 25.

1297 2806 1427 2837 Samarus
1456 2803 1525 2835 lilius
1542 2803 1682 2845 Euphemii
1703 2803 1821 2834 declarat
1841 2803 2044 2843 praestationem
2065 2801 2181 2834 debitam
2195 2801 2278 2833 eecle-

1338 2856 1394 2886 siae
1415 2854 1446 2885 S.
1471 2853 1543 2885 I‘etri
1566 2853 1711 2894 Imperialis
1733 2853 1804 2884 370.

1299 2906 1451 2938 Sanibataci
1474 2906 1582 2946 praedia
1604 2905 1629 2935 in
1650 2912 1716 2945 agro
1735 2903 1855 2944 SeJllac-ii
1877 2903 1949 2935 409.

1298 2955 1457 2988 Samsrcdus
1480 2954 1561 2987 iudex
1582 2953 1701 2987 Circlarii
1724 2958 1744 2986 t.
1769 2952 1843 2990 292,
1866 2952 1937 2985 303.
