<?xml version="1.0" encoding="UTF-8"?>
<!DOCTYPE html PUBLIC "-//W3C//DTD XHTML 1.0 Transitional//EN"
    "http://www.w3.org/TR/xhtml1/DTD/xhtml1-transitional.dtd">
<html xmlns="http://www.w3.org/1999/xhtml" xml:lang="en" lang="en">
 <head>
  <title>
</title>
<meta http-equiv="Content-Type" content="text/html;charset=utf-8" />
  <meta name='ocr-system' content='tesseract 3.04.00' />
  <meta name='ocr-capabilities' content='ocr_page ocr_carea ocr_par ocr_line ocrx_word'/>
</head>
<body>
  <div class='ocr_page' id='page_1' title='image "./syllabusgraecaru00trinuoft_0055.png"; bbox 0 0 2652 3762; ppageno 0'>
   <div class='ocr_carea' id='block_1_1' title="bbox 0 0 31 1560">
    <p class='ocr_par' dir='ltr' id='par_1_1' title="bbox 0 0 31 1560">
     <span class='ocr_line' id='line_1_1' title="bbox 0 0 31 1560; baseline 0 0"><span class='ocrx_word' id='word_1_1' title='bbox 0 0 31 1560; x_wconf 95' lang='lat' dir='ltr'><strong> </strong></span> 
     </span>
    </p>
   </div>
   <div class='ocr_carea' id='block_1_2' title="bbox 0 2772 35 3590">
    <p class='ocr_par' dir='ltr' id='par_1_2' title="bbox 0 2772 35 3590">
     <span class='ocr_line' id='line_1_2' title="bbox 0 2772 35 3590; baseline 0 0"><span class='ocrx_word' id='word_1_2' title='bbox 0 2772 35 3590; x_wconf 95' lang='lat' dir='ltr'><strong> </strong></span> 
     </span>
    </p>
   </div>
   <div class='ocr_carea' id='block_1_3' title="bbox 2 3742 23 3762">
    <p class='ocr_par' dir='ltr' id='par_1_3' title="bbox 2 3742 23 3762">
     <span class='ocr_line' id='line_1_3' title="bbox 2 3742 23 3762; baseline 0 -16"><span class='ocrx_word' id='word_1_3' title='bbox 2 3742 23 3762; x_wconf 40' lang='lat'><strong>⁴.</strong></span> 
     </span>
    </p>
   </div>
   <div class='ocr_carea' id='block_1_4' title="bbox 1194 392 1367 426">
    <p class='ocr_par' dir='ltr' id='par_1_4' title="bbox 1194 392 1367 426">
     <span class='ocr_line' id='line_1_4' title="bbox 1194 392 1367 426; baseline 0.006 -8"><span class='ocrx_word' id='word_1_4' title='bbox 1194 392 1367 426; x_wconf 75' lang='lat'><strong>...21—</strong></span> 
     </span>
    </p>
   </div>
   <div class='ocr_carea' id='block_1_5' title="bbox 880 469 1683 612">
    <p class='ocr_par' dir='ltr' id='par_1_5' title="bbox 880 469 1683 612">
     <span class='ocr_line' id='line_1_5' title="bbox 1231 469 1321 523; baseline 0.011 -1"><span class='ocrx_word' id='word_1_5' title='bbox 1231 469 1321 523; x_wconf 84' lang='lat' dir='ltr'><strong>XX.</strong></span> 
     </span>
     <span class='ocr_line' id='line_1_6' title="bbox 880 564 1683 612; baseline 0.005 -4"><span class='ocrx_word' id='word_1_6' title='bbox 880 564 992 609; x_wconf 74' lang='grc'>1024</span> <span class='ocrx_word' id='word_1_7' title='bbox 1001 566 1183 609; x_wconf 78' lang='lat' dir='ltr'><strong>-Mcnse</strong></span> <span class='ocrx_word' id='word_1_8' title='bbox 1204 567 1376 611; x_wconf 80' lang='lat' dir='ltr'><strong>Ianuario</strong></span> <span class='ocrx_word' id='word_1_9' title='bbox 1389 598 1437 606; x_wconf 73' lang='lat'><em>-</em></span> <span class='ocrx_word' id='word_1_10' title='bbox 1449 569 1580 612; x_wconf 76' lang='lat' dir='ltr'><strong>Indict.</strong></span> <span class='ocrx_word' id='word_1_11' title='bbox 1604 570 1683 612; x_wconf 86' lang='lat' dir='ltr'><strong>vlt.</strong></span> 
     </span>
    </p>
   </div>
   <div class='ocr_carea' id='block_1_6' title="bbox 287 656 2274 821">
    <p class='ocr_par' dir='ltr' id='par_1_6' title="bbox 287 656 2274 821">
     <span class='ocr_line' id='line_1_7' title="bbox 287 656 2270 709; baseline -0.002 -13"><span class='ocrx_word' id='word_1_12' title='bbox 287 660 422 697; x_wconf 66' lang='lat' dir='ltr'><strong>finium</strong></span> <span class='ocrx_word' id='word_1_13' title='bbox 443 662 516 709; x_wconf 66' lang='lat' dir='ltr'><strong>cyri</strong></span> <span class='ocrx_word' id='word_1_14' title='bbox 546 658 677 696; x_wconf 77' lang='lat' dir='ltr'><strong>Troiani</strong></span> <span class='ocrx_word' id='word_1_15' title='bbox 699 656 863 704; x_wconf 72' lang='lat' dir='ltr'><strong>descriptio</strong></span> <span class='ocrx_word' id='word_1_16' title='bbox 886 657 975 704; x_wconf 73' lang='lat' dir='ltr'><strong>sarta</strong></span> <span class='ocrx_word' id='word_1_17' title='bbox 998 668 1019 694; x_wconf 82' lang='lat' dir='ltr'><strong>a</strong></span> <span class='ocrx_word' id='word_1_18' title='bbox 1045 657 1163 694; x_wconf 70' lang='lat' dir='ltr'><strong>Basilio</strong></span> <span class='ocrx_word' id='word_1_19' title='bbox 1190 657 1313 693; x_wconf 75' lang='lat' dir='ltr'><strong>Boiano</strong></span> <span class='ocrx_word' id='word_1_20' title='bbox 1338 659 1593 705; x_wconf 76' lang='lat' dir='ltr'><strong>Promspathario</strong></span> <span class='ocrx_word' id='word_1_21' title='bbox 1622 659 1791 706; x_wconf 77' lang='lat' dir='ltr'><strong>Campano</strong></span> <span class='ocrx_word' id='word_1_22' title='bbox 1815 657 1939 700; x_wconf 63' lang='lat' dir='ltr'><strong>ltaliae,</strong></span> <span class='ocrx_word' id='word_1_23' title='bbox 1970 658 2025 693; x_wconf 78' lang='lat' dir='ltr'><strong>ubi</strong></span> <span class='ocrx_word' id='word_1_24' title='bbox 2046 656 2194 705; x_wconf 67' lang='lat' dir='ltr'><strong>pleraque</strong></span> <span class='ocrx_word' id='word_1_25' title='bbox 2218 670 2270 694; x_wconf 85' lang='lat' dir='ltr'><strong>oc-</strong></span> 
     </span>
     <span class='ocr_line' id='line_1_8' title="bbox 335 715 2274 765; baseline -0.003 -10"><span class='ocrx_word' id='word_1_26' title='bbox 335 726 479 759; x_wconf 79' lang='lat' dir='ltr'><strong>currunt,</strong></span> <span class='ocrx_word' id='word_1_27' title='bbox 505 729 584 765; x_wconf 67' lang='lat' dir='ltr'><strong>quma</strong></span> <span class='ocrx_word' id='word_1_28' title='bbox 607 717 640 751; x_wconf 72' lang='lat' dir='ltr'><strong>fn</strong></span> <span class='ocrx_word' id='word_1_29' title='bbox 665 716 764 752; x_wconf 75' lang='lat' dir='ltr'><strong>altera</strong></span> <span class='ocrx_word' id='word_1_30' title='bbox 787 715 990 763; x_wconf 70' lang='lat' dir='ltr'><strong>descriptae‘mw</strong></span> <span class='ocrx_word' id='word_1_31' title='bbox 1014 716 1099 751; x_wconf 68' lang='lat' dir='ltr'><strong>alica</strong></span> <span class='ocrx_word' id='word_1_32' title='bbox 1121 715 1185 751; x_wconf 70' lang='lat' dir='ltr'><strong>heic</strong></span> <span class='ocrx_word' id='word_1_33' title='bbox 1209 717 1266 751; x_wconf 75' lang='lat' dir='ltr'><strong>sub</strong></span> <span class='ocrx_word' id='word_1_34' title='bbox 1289 715 1338 751; x_wconf 71' lang='lat'><strong>¹2⁰.</strong></span> <span class='ocrx_word' id='word_1_35' title='bbox 1370 715 1481 751; x_wconf 78' lang='lat' dir='ltr'><strong>Xt&#39;m</strong></span> <span class='ocrx_word' id='word_1_36' title='bbox 1501 717 1727 759; x_wconf 72' lang='lat' dir='ltr'><strong>desiderantur,</strong></span> <span class='ocrx_word' id='word_1_37' title='bbox 1751 728 1789 752; x_wconf 83' lang='lat' dir='ltr'><strong>ac</strong></span> <span class='ocrx_word' id='word_1_38' title='bbox 1811 716 1992 764; x_wconf 75' lang='lat' dir='ltr'><strong>praesertim</strong></span> <span class='ocrx_word' id='word_1_39' title='bbox 2015 717 2129 752; x_wconf 77' lang='lat' dir='ltr'><strong>mentio</strong></span> <span class='ocrx_word' id='word_1_40' title='bbox 2153 717 2190 751; x_wconf 82' lang='lat' dir='ltr'><strong>de</strong></span> <span class='ocrx_word' id='word_1_41' title='bbox 2215 718 2274 750; x_wconf 72' lang='lat' dir='ltr'><strong>im-</strong></span> 
     </span>
     <span class='ocr_line' id='line_1_9' title="bbox 333 772 1933 821; baseline -0.001 -10"><span class='ocrx_word' id='word_1_42' title='bbox 333 775 548 816; x_wconf 70' lang='lat' dir='ltr'><strong>munitatibus,</strong></span> <span class='ocrx_word' id='word_1_43' title='bbox 573 782 599 809; x_wconf 83' lang='lat' dir='ltr'><strong>ct</strong></span> <span class='ocrx_word' id='word_1_44' title='bbox 624 774 661 809; x_wconf 81' lang='lat' dir='ltr'><strong>de</strong></span> <span class='ocrx_word' id='word_1_45' title='bbox 684 773 801 809; x_wconf 75' lang='lat' dir='ltr'><strong>tributo</strong></span> <span class='ocrx_word' id='word_1_46' title='bbox 825 781 948 809; x_wconf 74' lang='lat' dir='ltr'><strong>centum</strong></span> <span class='ocrx_word' id='word_1_47' title='bbox 972 774 1188 821; x_wconf 75' lang='lat' dir='ltr'><strong>scyphatorttm</strong></span> <span class='ocrx_word' id='word_1_48' title='bbox 1212 773 1368 820; x_wconf 59' lang='lat' dir='ltr'><strong>Imperial&amp;</strong></span> <span class='ocrx_word' id='word_1_49' title='bbox 1396 772 1510 808; x_wconf 71' lang='lat' dir='ltr'><strong>Curiae</strong></span> <span class='ocrx_word' id='word_1_50' title='bbox 1533 774 1703 820; x_wconf 73' lang='lat' dir='ltr'><strong>quotannis</strong></span> <span class='ocrx_word' id='word_1_51' title='bbox 1720 774 1933 820; x_wconf 77' lang='lat' dir='ltr'><strong>persolvendo.</strong></span> 
     </span>
    </p>
   </div>
   <div class='ocr_carea' id='block_1_7' title="bbox 275 867 1258 3056">
    <p class='ocr_par' dir='ltr' id='par_1_7' title="bbox 275 867 1258 3056">
     <span class='ocr_line' id='line_1_10' title="bbox 333 867 1256 918; baseline -0.004 -11"><span class='ocrx_word' id='word_1_52' title='bbox 333 871 402 907; x_wconf 88' lang='lat' dir='ltr'><strong>Illis</strong></span> <span class='ocrx_word' id='word_1_53' title='bbox 426 870 484 918; x_wconf 82' lang='lat' dir='ltr'><strong>qui</strong></span> <span class='ocrx_word' id='word_1_54' title='bbox 509 875 585 905; x_wconf 88' lang='lat' dir='ltr'><strong>sunt</strong></span> <span class='ocrx_word' id='word_1_55' title='bbox 609 867 649 903; x_wconf 85' lang='lat' dir='ltr'><strong>dc</strong></span> <span class='ocrx_word' id='word_1_56' title='bbox 673 874 834 916; x_wconf 80' lang='lat' dir='ltr'><strong>potestate</strong></span> <span class='ocrx_word' id='word_1_57' title='bbox 858 874 892 905; x_wconf 85' lang='lat' dir='ltr'><strong>et</strong></span> <span class='ocrx_word' id='word_1_58' title='bbox 915 869 1083 905; x_wconf 87' lang='lat' dir='ltr'><strong>dominatu</strong></span> <span class='ocrx_word' id='word_1_59' title='bbox 1101 869 1256 905; x_wconf 83' lang='lat' dir='ltr'><strong>comitum</strong></span> 
     </span>
     <span class='ocr_line' id='line_1_11' title="bbox 284 926 1258 974; baseline -0.004 -10"><span class='ocrx_word' id='word_1_60' title='bbox 284 928 526 964; x_wconf 74' lang='lat' dir='ltr'><strong>Arianensium.</strong></span> <span class='ocrx_word' id='word_1_61' title='bbox 537 926 711 971; x_wconf 45' lang='lat' dir='ltr'><strong>‚voluntate</strong></span> <span class='ocrx_word' id='word_1_62' title='bbox 728 927 950 974; x_wconf 82' lang='lat' dir='ltr'><strong>predictorum</strong></span> <span class='ocrx_word' id='word_1_63' title='bbox 965 926 1121 962; x_wconf 80' lang='lat' dir='ltr'><strong>comitum</strong></span> <span class='ocrx_word' id='word_1_64' title='bbox 1135 939 1153 961; x_wconf 93' lang='lat' dir='ltr'><strong>a</strong></span> <span class='ocrx_word' id='word_1_65' title='bbox 1169 927 1183 961; x_wconf 86' lang='lat' dir='ltr'>s</span> <span class='ocrx_word' id='word_1_66' title='bbox 1183 938 1215 960; x_wconf 90' lang='lat' dir='ltr'><strong>ra</strong></span> <span class='ocrx_word' id='word_1_67' title='bbox 1222 937 1258 960; x_wconf 88' lang='lat' dir='ltr'><strong>n-</strong></span> 
     </span>
     <span class='ocr_line' id='line_1_12' title="bbox 283 985 1258 1034; baseline -0.006 -10"><span class='ocrx_word' id='word_1_68' title='bbox 283 987 330 1024; x_wconf 81' lang='lat' dir='ltr'><strong>cis</strong></span> <span class='ocrx_word' id='word_1_69' title='bbox 345 999 379 1023; x_wconf 82' lang='lat' dir='ltr'><strong>se</strong></span> <span class='ocrx_word' id='word_1_70' title='bbox 395 985 628 1022; x_wconf 78' lang='lat' dir='ltr'><strong>dividentibus.</strong></span> <span class='ocrx_word' id='word_1_71' title='bbox 649 991 682 1022; x_wconf 89' lang='lat' dir='ltr'><strong>et</strong></span> <span class='ocrx_word' id='word_1_72' title='bbox 699 986 738 1022; x_wconf 84' lang='lat' dir='ltr'><strong>ad</strong></span> <span class='ocrx_word' id='word_1_73' title='bbox 752 991 878 1034; x_wconf 86' lang='lat' dir='ltr'><strong>partem</strong></span> <span class='ocrx_word' id='word_1_74' title='bbox 891 985 1057 1021; x_wconf 74' lang='lat' dir='ltr'><strong>victoriosi</strong></span> <span class='ocrx_word' id='word_1_75' title='bbox 1076 990 1108 1020; x_wconf 90' lang='lat' dir='ltr'><strong>ct</strong></span> <span class='ocrx_word' id='word_1_76' title='bbox 1122 985 1258 1020; x_wconf 82' lang='lat' dir='ltr'><strong>sanctis-</strong></span> 
     </span>
     <span class='ocr_line' id='line_1_13' title="bbox 284 1041 1257 1092; baseline -0.005 -12"><span class='ocrx_word' id='word_1_77' title='bbox 284 1043 360 1080; x_wconf 82' lang='lat' dir='ltr'><strong>simi</strong></span> <span class='ocrx_word' id='word_1_78' title='bbox 383 1043 594 1092; x_wconf 82' lang='lat' dir='ltr'><strong>imperatoris</strong></span> <span class='ocrx_word' id='word_1_79' title='bbox 610 1044 832 1080; x_wconf 82' lang='lat' dir='ltr'><strong>currentibus.</strong></span> <span class='ocrx_word' id='word_1_80' title='bbox 851 1042 911 1079; x_wconf 83' lang='lat' dir='ltr'><strong>hec</strong></span> <span class='ocrx_word' id='word_1_81' title='bbox 931 1042 1046 1078; x_wconf 73' lang='lat' dir='ltr'><strong>civitas</strong></span> <span class='ocrx_word' id='word_1_82' title='bbox 1063 1054 1120 1089; x_wconf 75' lang='lat' dir='ltr'><strong>per</strong></span> <span class='ocrx_word' id='word_1_83' title='bbox 1137 1041 1257 1076; x_wconf 79' lang='lat' dir='ltr'><strong>multos</strong></span> 
     </span>
     <span class='ocr_line' id='line_1_14' title="bbox 282 1097 1257 1138; baseline -0.005 -1"><span class='ocrx_word' id='word_1_84' title='bbox 282 1107 315 1137; x_wconf 84' lang='lat' dir='ltr'><strong>et</strong></span> <span class='ocrx_word' id='word_1_85' title='bbox 332 1101 586 1138; x_wconf 85' lang='lat' dir='ltr'><strong>innumerabiles</strong></span> <span class='ocrx_word' id='word_1_86' title='bbox 605 1115 706 1138; x_wconf 89' lang='lat' dir='ltr'><strong>annos</strong></span> <span class='ocrx_word' id='word_1_87' title='bbox 721 1102 900 1138; x_wconf 70' lang='lat' dir='ltr'><strong>‹lt-structa.</strong></span> <span class='ocrx_word' id='word_1_88' title='bbox 920 1114 938 1135; x_wconf 86' lang='lat' dir='ltr'><strong>a</strong></span> <span class='ocrx_word' id='word_1_89' title='bbox 956 1100 1048 1135; x_wconf 87' lang='lat' dir='ltr'><strong>nobis</strong></span> <span class='ocrx_word' id='word_1_90' title='bbox 1065 1097 1183 1134; x_wconf 79' lang='lat' dir='ltr'><strong>lmiulis</strong></span> <span class='ocrx_word' id='word_1_91' title='bbox 1199 1098 1257 1133; x_wconf 65' lang='lat' dir='ltr'><strong>do&lt;</strong></span> 
     </span>
     <span class='ocr_line' id='line_1_15' title="bbox 282 1157 1256 1206; baseline -0.003 -13"><span class='ocrx_word' id='word_1_92' title='bbox 282 1157 364 1193; x_wconf 89' lang='lat' dir='ltr'><strong>mini</strong></span> <span class='ocrx_word' id='word_1_93' title='bbox 389 1157 596 1206; x_wconf 87' lang='lat' dir='ltr'><strong>imperatoris</strong></span> <span class='ocrx_word' id='word_1_94' title='bbox 621 1165 800 1195; x_wconf 86' lang='lat' dir='ltr'><strong>restaurata</strong></span> <span class='ocrx_word' id='word_1_95' title='bbox 821 1161 856 1195; x_wconf 85' lang='lat' dir='ltr'><strong>et</strong></span> <span class='ocrx_word' id='word_1_96' title='bbox 871 1159 952 1194; x_wconf 87' lang='lat' dir='ltr'><strong>bene</strong></span> <span class='ocrx_word' id='word_1_97' title='bbox 970 1157 1093 1193; x_wconf 87' lang='lat' dir='ltr'><strong>munita</strong></span> <span class='ocrx_word' id='word_1_98' title='bbox 1111 1162 1172 1192; x_wconf 87' lang='lat' dir='ltr'><strong>est.</strong></span> <span class='ocrx_word' id='word_1_99' title='bbox 1192 1168 1256 1203; x_wconf 84' lang='lat' dir='ltr'><strong>que</strong></span> 
     </span>
     <span class='ocr_line' id='line_1_16' title="bbox 282 1215 1254 1264; baseline -0.001 -14"><span class='ocrx_word' id='word_1_100' title='bbox 282 1215 399 1251; x_wconf 82' lang='lat' dir='ltr'><strong>civitas</strong></span> <span class='ocrx_word' id='word_1_101' title='bbox 416 1215 498 1251; x_wconf 82' lang='lat' dir='ltr'><strong>troia</strong></span> <span class='ocrx_word' id='word_1_102' title='bbox 515 1221 664 1253; x_wconf 83' lang='lat' dir='ltr'><strong>vocatur.</strong></span> <span class='ocrx_word' id='word_1_103' title='bbox 683 1221 717 1251; x_wconf 90' lang='lat' dir='ltr'><strong>et</strong></span> <span class='ocrx_word' id='word_1_104' title='bbox 732 1228 809 1251; x_wconf 86' lang='lat' dir='ltr'><strong>cum</strong></span> <span class='ocrx_word' id='word_1_105' title='bbox 824 1229 943 1264; x_wconf 82' lang='lat' dir='ltr'><strong>magno</strong></span> <span class='ocrx_word' id='word_1_106' title='bbox 960 1216 1066 1252; x_wconf 87' lang='lat' dir='ltr'><strong>studio</strong></span> <span class='ocrx_word' id='word_1_107' title='bbox 1081 1221 1115 1251; x_wconf 90' lang='lat' dir='ltr'><strong>ct</strong></span> <span class='ocrx_word' id='word_1_108' title='bbox 1135 1215 1254 1251; x_wconf 83' lang='lat' dir='ltr'><strong>veloci-</strong></span> 
     </span>
     <span class='ocr_line' id='line_1_17' title="bbox 282 1274 1256 1323; baseline 0 -14"><span class='ocrx_word' id='word_1_109' title='bbox 282 1278 349 1310; x_wconf 84' lang='lat' dir='ltr'><strong>tate</strong></span> <span class='ocrx_word' id='word_1_110' title='bbox 364 1285 436 1310; x_wconf 84' lang='lat' dir='ltr'><strong>eam</strong></span> <span class='ocrx_word' id='word_1_111' title='bbox 452 1274 600 1310; x_wconf 85' lang='lat' dir='ltr'><strong>habitare</strong></span> <span class='ocrx_word' id='word_1_112' title='bbox 618 1275 765 1310; x_wconf 80' lang='lat' dir='ltr'><strong>fecimus,</strong></span> <span class='ocrx_word' id='word_1_113' title='bbox 784 1276 876 1311; x_wconf 92' lang='lat' dir='ltr'><strong>Tunc</strong></span> <span class='ocrx_word' id='word_1_114' title='bbox 892 1288 971 1311; x_wconf 73' lang='lat' dir='ltr'><strong>vero</strong></span> <span class='ocrx_word' id='word_1_115' title='bbox 987 1275 1091 1323; x_wconf 75' lang='lat' dir='ltr'><strong>rogati</strong></span> <span class='ocrx_word' id='word_1_116' title='bbox 1108 1288 1128 1310; x_wconf 89' lang='lat' dir='ltr'><strong>a</strong></span> <span class='ocrx_word' id='word_1_117' title='bbox 1147 1274 1256 1310; x_wconf 89' lang='lat' dir='ltr'><strong>conci-</strong></span> 
     </span>
     <span class='ocr_line' id='line_1_18' title="bbox 280 1331 1256 1369; baseline 0 -2"><span class='ocrx_word' id='word_1_118' title='bbox 280 1331 377 1367; x_wconf 81' lang='lat' dir='ltr'><strong>vibus</strong></span> <span class='ocrx_word' id='word_1_119' title='bbox 391 1331 533 1367; x_wconf 84' lang='lat' dir='ltr'><strong>civitatis</strong></span> <span class='ocrx_word' id='word_1_120' title='bbox 549 1343 674 1368; x_wconf 87' lang='lat' dir='ltr'><strong>sumus.</strong></span> <span class='ocrx_word' id='word_1_121' title='bbox 693 1337 730 1367; x_wconf 90' lang='lat' dir='ltr'><strong>ut</strong></span> <span class='ocrx_word' id='word_1_122' title='bbox 747 1333 827 1368; x_wconf 82' lang='lat' dir='ltr'><strong>lines</strong></span> <span class='ocrx_word' id='word_1_123' title='bbox 841 1337 875 1368; x_wconf 88' lang='lat' dir='ltr'><strong>ct</strong></span> <span class='ocrx_word' id='word_1_124' title='bbox 892 1334 1047 1369; x_wconf 84' lang='lat' dir='ltr'><strong>terminos</strong></span> <span class='ocrx_word' id='word_1_125' title='bbox 1065 1338 1153 1369; x_wconf 88' lang='lat' dir='ltr'><strong>tante</strong></span> <span class='ocrx_word' id='word_1_126' title='bbox 1174 1331 1256 1367; x_wconf 64' lang='lat' dir='ltr'><strong>cixi-</strong></span> 
     </span>
     <span class='ocr_line' id='line_1_19' title="bbox 281 1388 1254 1439; baseline 0.002 -16"><span class='ocrx_word' id='word_1_127' title='bbox 281 1389 341 1424; x_wconf 85' lang='lat' dir='ltr'><strong>tati</strong></span> <span class='ocrx_word' id='word_1_128' title='bbox 353 1394 516 1424; x_wconf 81' lang='lat' dir='ltr'><strong>terrarum</strong></span> <span class='ocrx_word' id='word_1_129' title='bbox 529 1388 759 1424; x_wconf 76' lang='lat' dir='ltr'><strong>stabiliremus.</strong></span> <span class='ocrx_word' id='word_1_130' title='bbox 767 1395 800 1424; x_wconf 87' lang='lat' dir='ltr'><strong>et</strong></span> <span class='ocrx_word' id='word_1_131' title='bbox 811 1390 1098 1437; x_wconf 81' lang='lat' dir='ltr'><strong>prefiguraremns.</strong></span> <span class='ocrx_word' id='word_1_132' title='bbox 1111 1402 1254 1439; x_wconf 85' lang='lat' dir='ltr'><strong>qnorum</strong></span> 
     </span>
     <span class='ocr_line' id='line_1_20' title="bbox 278 1442 1252 1494; baseline 0.002 -14"><span class='ocrx_word' id='word_1_133' title='bbox 278 1445 487 1493; x_wconf 82' lang='lat' dir='ltr'><strong>petitionibus</strong></span> <span class='ocrx_word' id='word_1_134' title='bbox 511 1445 706 1482; x_wconf 84' lang='lat' dir='ltr'><strong>fidelissimis</strong></span> <span class='ocrx_word' id='word_1_135' title='bbox 723 1453 849 1482; x_wconf 86' lang='lat' dir='ltr'><strong>nostras</strong></span> <span class='ocrx_word' id='word_1_136' title='bbox 871 1458 967 1482; x_wconf 76' lang='lat' dir='ltr'><strong>aures</strong></span> <span class='ocrx_word' id='word_1_137' title='bbox 984 1448 1195 1494; x_wconf 72' lang='lat' dir='ltr'>applicantes.</span> <span class='ocrx_word' id='word_1_138' title='bbox 1219 1442 1252 1482; x_wconf 87' lang='lat' dir='ltr'><strong>in</strong></span> 
     </span>
     <span class='ocr_line' id='line_1_21' title="bbox 279 1505 1254 1554; baseline 0.003 -15"><span class='ocrx_word' id='word_1_139' title='bbox 279 1505 437 1552; x_wconf 75' lang='lat' dir='ltr'><strong>presentia</strong></span> <span class='ocrx_word' id='word_1_140' title='bbox 451 1505 603 1541; x_wconf 80' lang='lat' dir='ltr'><strong>Iohannis</strong></span> <span class='ocrx_word' id='word_1_141' title='bbox 616 1505 655 1541; x_wconf 87' lang='lat' dir='ltr'><strong>de</strong></span> <span class='ocrx_word' id='word_1_142' title='bbox 669 1506 820 1542; x_wconf 80' lang='lat' dir='ltr'><strong>Alserana</strong></span> <span class='ocrx_word' id='word_1_143' title='bbox 835 1507 1111 1554; x_wconf 82' lang='lat' dir='ltr'><strong>protospatarii.ct</strong></span> <span class='ocrx_word' id='word_1_144' title='bbox 1124 1507 1254 1542; x_wconf 78' lang='lat' dir='ltr'><strong>bisantii</strong></span> 
     </span>
     <span class='ocr_line' id='line_1_22' title="bbox 278 1562 1254 1611; baseline 0.002 -14"><span class='ocrx_word' id='word_1_145' title='bbox 278 1562 422 1598; x_wconf 88' lang='lat' dir='ltr'><strong>eiusdem</strong></span> <span class='ocrx_word' id='word_1_146' title='bbox 446 1563 676 1610; x_wconf 67' lang='lat' dir='ltr'><strong>protospatarii</strong></span> <span class='ocrx_word' id='word_1_147' title='bbox 700 1563 822 1599; x_wconf 81' lang='lat' dir='ltr'><strong>fratris.</strong></span> <span class='ocrx_word' id='word_1_148' title='bbox 843 1564 902 1611; x_wconf 86' lang='lat' dir='ltr'><strong>qui</strong></span> <span class='ocrx_word' id='word_1_149' title='bbox 918 1570 967 1599; x_wconf 88' lang='lat' dir='ltr'><strong>est</strong></span> <span class='ocrx_word' id='word_1_150' title='bbox 983 1570 1091 1599; x_wconf 85' lang='lat' dir='ltr'><strong>custos</strong></span> <span class='ocrx_word' id='word_1_151' title='bbox 1108 1564 1254 1600; x_wconf 84' lang='lat' dir='ltr'><strong>eiusdem</strong></span> 
     </span>
     <span class='ocr_line' id='line_1_23' title="bbox 280 1620 1254 1663; baseline 0.003 -8"><span class='ocrx_word' id='word_1_152' title='bbox 280 1620 422 1656; x_wconf 81' lang='lat' dir='ltr'><strong>civitatis</strong></span> <span class='ocrx_word' id='word_1_153' title='bbox 439 1622 534 1656; x_wconf 90' lang='lat' dir='ltr'><strong>troie.</strong></span> <span class='ocrx_word' id='word_1_154' title='bbox 555 1628 588 1658; x_wconf 87' lang='lat' dir='ltr'><strong>et</strong></span> <span class='ocrx_word' id='word_1_155' title='bbox 605 1622 707 1658; x_wconf 87' lang='lat' dir='ltr'><strong>leonis</strong></span> <span class='ocrx_word' id='word_1_156' title='bbox 723 1622 766 1658; x_wconf 88' lang='lat' dir='ltr'><strong>de</strong></span> <span class='ocrx_word' id='word_1_157' title='bbox 781 1622 924 1658; x_wconf 77' lang='lat' dir='ltr'><strong>mat-alda</strong></span> <span class='ocrx_word' id='word_1_158' title='bbox 937 1622 1038 1658; x_wconf 86' lang='lat' dir='ltr'><strong>baiuli</strong></span> <span class='ocrx_word' id='word_1_159' title='bbox 1054 1623 1178 1663; x_wconf 84' lang='lat' dir='ltr'><strong>domini</strong></span> <span class='ocrx_word' id='word_1_160' title='bbox 1193 1623 1254 1658; x_wconf 91' lang='lat' dir='ltr'><strong>im-</strong></span> 
     </span>
     <span class='ocr_line' id='line_1_24' title="bbox 279 1679 1255 1731; baseline 0.005 -17"><span class='ocrx_word' id='word_1_161' title='bbox 279 1679 448 1726; x_wconf 83' lang='lat' dir='ltr'><strong>peratoris.</strong></span> <span class='ocrx_word' id='word_1_162' title='bbox 458 1685 491 1715; x_wconf 92' lang='lat' dir='ltr'><strong>et</strong></span> <span class='ocrx_word' id='word_1_163' title='bbox 507 1681 653 1728; x_wconf 82' lang='lat' dir='ltr'><strong>stephani</strong></span> <span class='ocrx_word' id='word_1_164' title='bbox 668 1681 835 1731; x_wconf 80' lang='lat' dir='ltr'><strong>cartularii</strong></span> <span class='ocrx_word' id='word_1_165' title='bbox 852 1688 987 1718; x_wconf 87' lang='lat' dir='ltr'><strong>matere.</strong></span> <span class='ocrx_word' id='word_1_166' title='bbox 1007 1687 1041 1717; x_wconf 88' lang='lat' dir='ltr'><strong>ct</strong></span> <span class='ocrx_word' id='word_1_167' title='bbox 1057 1683 1208 1730; x_wconf 87' lang='lat' dir='ltr'><strong>passeris.</strong></span> <span class='ocrx_word' id='word_1_168' title='bbox 1222 1689 1255 1719; x_wconf 87' lang='lat' dir='ltr'><strong>ct</strong></span> 
     </span>
     <span class='ocr_line' id='line_1_25' title="bbox 278 1734 1251 1787; baseline 0.005 -16"><span class='ocrx_word' id='word_1_169' title='bbox 278 1734 411 1772; x_wconf 85' lang='lat' dir='ltr'><strong>bizantii</strong></span> <span class='ocrx_word' id='word_1_170' title='bbox 433 1736 590 1773; x_wconf 87' lang='lat' dir='ltr'><strong>comitum</strong></span> <span class='ocrx_word' id='word_1_171' title='bbox 605 1737 709 1773; x_wconf 86' lang='lat' dir='ltr'><strong>curie.</strong></span> <span class='ocrx_word' id='word_1_172' title='bbox 721 1744 754 1773; x_wconf 87' lang='lat' dir='ltr'><strong>et</strong></span> <span class='ocrx_word' id='word_1_173' title='bbox 770 1738 906 1774; x_wconf 85' lang='lat' dir='ltr'><strong>maraldi</strong></span> <span class='ocrx_word' id='word_1_174' title='bbox 921 1738 1057 1786; x_wconf 78' lang='lat' dir='ltr'><strong>dapiferi</strong></span> <span class='ocrx_word' id='word_1_175' title='bbox 1071 1740 1251 1787; x_wconf 67' lang='lat' dir='ltr'><strong>provincie.</strong></span> 
     </span>
     <span class='ocr_line' id='line_1_26' title="bbox 278 1794 1254 1846; baseline 0.007 -17"><span class='ocrx_word' id='word_1_176' title='bbox 278 1799 311 1830; x_wconf 87' lang='lat' dir='ltr'><strong>et</strong></span> <span class='ocrx_word' id='word_1_177' title='bbox 320 1794 500 1831; x_wconf 83' lang='lat' dir='ltr'><strong>multorum</strong></span> <span class='ocrx_word' id='word_1_178' title='bbox 511 1796 671 1832; x_wconf 78' lang='lat' dir='ltr'><strong>virorum.</strong></span> <span class='ocrx_word' id='word_1_179' title='bbox 681 1802 755 1833; x_wconf 86' lang='lat' dir='ltr'><strong>ante</strong></span> <span class='ocrx_word' id='word_1_180' title='bbox 769 1810 910 1845; x_wconf 87' lang='lat' dir='ltr'><strong>quorum</strong></span> <span class='ocrx_word' id='word_1_181' title='bbox 928 1800 1136 1846; x_wconf 84' lang='lat' dir='ltr'><strong>presentiam.</strong></span> <span class='ocrx_word' id='word_1_182' title='bbox 1146 1800 1254 1836; x_wconf 89' lang='lat' dir='ltr'><strong>taliter</strong></span> 
     </span>
     <span class='ocr_line' id='line_1_27' title="bbox 278 1853 1251 1904; baseline 0.007 -17"><span class='ocrx_word' id='word_1_183' title='bbox 278 1853 436 1888; x_wconf 87' lang='lat' dir='ltr'><strong>terminos</strong></span> <span class='ocrx_word' id='word_1_184' title='bbox 460 1853 545 1889; x_wconf 87' lang='lat' dir='ltr'><strong>troie</strong></span> <span class='ocrx_word' id='word_1_185' title='bbox 569 1854 772 1902; x_wconf 80' lang='lat' dir='ltr'><strong>pretiximus.</strong></span> <span class='ocrx_word' id='word_1_186' title='bbox 808 1855 898 1890; x_wconf 80' lang='lat' dir='ltr'><strong>Sicut</strong></span> <span class='ocrx_word' id='word_1_187' title='bbox 922 1856 1037 1904; x_wconf 82' lang='lat' dir='ltr'><strong>incipit</strong></span> <span class='ocrx_word' id='word_1_188' title='bbox 1061 1870 1079 1892; x_wconf 86' lang='lat' dir='ltr'><strong>a</strong></span> <span class='ocrx_word' id='word_1_189' title='bbox 1110 1869 1251 1894; x_wconf 89' lang='lat' dir='ltr'><strong>camera.</strong></span> 
     </span>
     <span class='ocr_line' id='line_1_28' title="bbox 279 1909 1255 1961; baseline 0.004 -15"><span class='ocrx_word' id='word_1_190' title='bbox 279 1909 380 1946; x_wconf 84' lang='lat' dir='ltr'><strong>sancti</strong></span> <span class='ocrx_word' id='word_1_191' title='bbox 396 1910 558 1946; x_wconf 82' lang='lat' dir='ltr'><strong>eleuterii.</strong></span> <span class='ocrx_word' id='word_1_192' title='bbox 577 1917 610 1947; x_wconf 91' lang='lat' dir='ltr'><strong>et</strong></span> <span class='ocrx_word' id='word_1_193' title='bbox 626 1912 714 1948; x_wconf 78' lang='lat' dir='ltr'><strong>vadit</strong></span> <span class='ocrx_word' id='word_1_194' title='bbox 730 1912 770 1948; x_wconf 90' lang='lat' dir='ltr'><strong>ad</strong></span> <span class='ocrx_word' id='word_1_195' title='bbox 787 1912 909 1949; x_wconf 87' lang='lat' dir='ltr'><strong>locum.</strong></span> <span class='ocrx_word' id='word_1_196' title='bbox 925 1914 983 1961; x_wconf 87' lang='lat' dir='ltr'><strong>qui</strong></span> <span class='ocrx_word' id='word_1_197' title='bbox 997 1919 1134 1949; x_wconf 89' lang='lat' dir='ltr'><strong>vocatur</strong></span> <span class='ocrx_word' id='word_1_198' title='bbox 1151 1915 1255 1950; x_wconf 87' lang='lat' dir='ltr'><strong>bitra-</strong></span> 
     </span>
     <span class='ocr_line' id='line_1_29' title="bbox 281 1967 1254 2007; baseline 0.005 -5"><span class='ocrx_word' id='word_1_199' title='bbox 281 1967 430 2003; x_wconf 75' lang='lat' dir='ltr'><strong>soellum.</strong></span> <span class='ocrx_word' id='word_1_200' title='bbox 443 1973 478 2003; x_wconf 84' lang='lat' dir='ltr'><strong>et</strong></span> <span class='ocrx_word' id='word_1_201' title='bbox 493 1967 658 2005; x_wconf 84' lang='lat' dir='ltr'><strong>descendit</strong></span> <span class='ocrx_word' id='word_1_202' title='bbox 674 1969 714 2005; x_wconf 86' lang='lat' dir='ltr'><strong>ad</strong></span> <span class='ocrx_word' id='word_1_203' title='bbox 730 1970 921 2005; x_wconf 77' lang='lat' dir='ltr'><strong>aventinum</strong></span> <span class='ocrx_word' id='word_1_204' title='bbox 939 1977 1094 2007; x_wconf 85' lang='lat' dir='ltr'><strong>montem.</strong></span> <span class='ocrx_word' id='word_1_205' title='bbox 1105 1972 1162 2007; x_wconf 89' lang='lat' dir='ltr'><strong>ubi</strong></span> <span class='ocrx_word' id='word_1_206' title='bbox 1179 1984 1254 2007; x_wconf 88' lang='lat' dir='ltr'><strong>sur-</strong></span> 
     </span>
     <span class='ocr_line' id='line_1_30' title="bbox 280 2025 1253 2075; baseline 0.006 -15"><span class='ocrx_word' id='word_1_207' title='bbox 280 2025 328 2073; x_wconf 77' lang='lat' dir='ltr'><strong>git</strong></span> <span class='ocrx_word' id='word_1_208' title='bbox 344 2026 465 2062; x_wconf 81' lang='lat' dir='ltr'><strong>fluvius</strong></span> <span class='ocrx_word' id='word_1_209' title='bbox 481 2028 539 2074; x_wconf 88' lang='lat' dir='ltr'><strong>qui</strong></span> <span class='ocrx_word' id='word_1_210' title='bbox 556 2033 691 2063; x_wconf 86' lang='lat' dir='ltr'><strong>vocatur</strong></span> <span class='ocrx_word' id='word_1_211' title='bbox 714 2028 911 2075; x_wconf 84' lang='lat' dir='ltr'><strong>burganum.</strong></span> <span class='ocrx_word' id='word_1_212' title='bbox 933 2035 966 2065; x_wconf 87' lang='lat' dir='ltr'><strong>et</strong></span> <span class='ocrx_word' id='word_1_213' title='bbox 982 2029 1056 2064; x_wconf 88' lang='lat' dir='ltr'><strong>inde</strong></span> <span class='ocrx_word' id='word_1_214' title='bbox 1080 2031 1172 2065; x_wconf 80' lang='lat' dir='ltr'><strong>iuxta</strong></span> <span class='ocrx_word' id='word_1_215' title='bbox 1191 2032 1253 2066; x_wconf 84' lang='lat' dir='ltr'><strong>flu-</strong></span> 
     </span>
     <span class='ocr_line' id='line_1_31' title="bbox 278 2083 1253 2136; baseline 0.009 -19"><span class='ocrx_word' id='word_1_216' title='bbox 278 2084 369 2119; x_wconf 83' lang='lat' dir='ltr'><strong>vium</strong></span> <span class='ocrx_word' id='word_1_217' title='bbox 385 2083 615 2121; x_wconf 86' lang='lat' dir='ltr'><strong>descendendo.</strong></span> <span class='ocrx_word' id='word_1_218' title='bbox 639 2086 730 2122; x_wconf 83' lang='lat' dir='ltr'><strong>vadit</strong></span> <span class='ocrx_word' id='word_1_219' title='bbox 746 2098 850 2134; x_wconf 86' lang='lat' dir='ltr'><strong>usque</strong></span> <span class='ocrx_word' id='word_1_220' title='bbox 871 2087 910 2122; x_wconf 88' lang='lat' dir='ltr'><strong>ad</strong></span> <span class='ocrx_word' id='word_1_221' title='bbox 928 2087 1036 2123; x_wconf 88' lang='lat' dir='ltr'><strong>locum</strong></span> <span class='ocrx_word' id='word_1_222' title='bbox 1059 2090 1116 2136; x_wconf 89' lang='lat' dir='ltr'><strong>qni</strong></span> <span class='ocrx_word' id='word_1_223' title='bbox 1134 2091 1253 2127; x_wconf 84' lang='lat' dir='ltr'><strong>dicitur</strong></span> 
     </span>
     <span class='ocr_line' id='line_1_32' title="bbox 278 2140 1253 2192; baseline 0.008 -17"><span class='ocrx_word' id='word_1_224' title='bbox 278 2140 380 2176; x_wconf 89' lang='lat' dir='ltr'><strong>trium</strong></span> <span class='ocrx_word' id='word_1_225' title='bbox 388 2141 567 2188; x_wconf 80' lang='lat' dir='ltr'><strong>virginum.</strong></span> <span class='ocrx_word' id='word_1_226' title='bbox 577 2148 610 2178; x_wconf 83' lang='lat' dir='ltr'><strong>et</strong></span> <span class='ocrx_word' id='word_1_227' title='bbox 622 2142 696 2178; x_wconf 87' lang='lat' dir='ltr'><strong>inde</strong></span> <span class='ocrx_word' id='word_1_228' title='bbox 706 2143 848 2178; x_wconf 85' lang='lat' dir='ltr'><strong>ascendit</strong></span> <span class='ocrx_word' id='word_1_229' title='bbox 856 2156 960 2191; x_wconf 81' lang='lat' dir='ltr'><strong>usque</strong></span> <span class='ocrx_word' id='word_1_230' title='bbox 969 2144 1008 2179; x_wconf 86' lang='lat' dir='ltr'><strong>ad</strong></span> <span class='ocrx_word' id='word_1_231' title='bbox 1019 2153 1118 2192; x_wconf 87' lang='lat' dir='ltr'><strong>caput</strong></span> <span class='ocrx_word' id='word_1_232' title='bbox 1133 2148 1253 2183; x_wconf 89' lang='lat' dir='ltr'><strong>montis</strong></span> 
     </span>
     <span class='ocr_line' id='line_1_33' title="bbox 278 2199 1252 2253; baseline 0.006 -19"><span class='ocrx_word' id='word_1_233' title='bbox 278 2199 398 2235; x_wconf 84' lang='lat' dir='ltr'><strong>albani.</strong></span> <span class='ocrx_word' id='word_1_234' title='bbox 418 2206 450 2235; x_wconf 89' lang='lat' dir='ltr'><strong>et</strong></span> <span class='ocrx_word' id='word_1_235' title='bbox 465 2199 570 2236; x_wconf 87' lang='lat' dir='ltr'><strong>tendit</strong></span> <span class='ocrx_word' id='word_1_236' title='bbox 585 2199 625 2235; x_wconf 80' lang='lat' dir='ltr'><strong>ad</strong></span> <span class='ocrx_word' id='word_1_237' title='bbox 641 2206 784 2236; x_wconf 87' lang='lat' dir='ltr'><strong>montem</strong></span> <span class='ocrx_word' id='word_1_238' title='bbox 801 2207 941 2238; x_wconf 86' lang='lat' dir='ltr'><strong>aratum.</strong></span> <span class='ocrx_word' id='word_1_239' title='bbox 962 2209 994 2239; x_wconf 91' lang='lat' dir='ltr'><strong>et</strong></span> <span class='ocrx_word' id='word_1_240' title='bbox 1014 2205 1129 2239; x_wconf 86' lang='lat' dir='ltr'><strong>transit</strong></span> <span class='ocrx_word' id='word_1_241' title='bbox 1145 2217 1252 2253; x_wconf 85' lang='lat' dir='ltr'><strong>usque</strong></span> 
     </span>
     <span class='ocr_line' id='line_1_34' title="bbox 278 2255 1251 2306; baseline 0.007 -15"><span class='ocrx_word' id='word_1_242' title='bbox 278 2255 317 2291; x_wconf 88' lang='lat' dir='ltr'><strong>ad</strong></span> <span class='ocrx_word' id='word_1_243' title='bbox 342 2262 476 2293; x_wconf 85' lang='lat' dir='ltr'><strong>stratam</strong></span> <span class='ocrx_word' id='word_1_244' title='bbox 505 2257 619 2292; x_wconf 77' lang='lat' dir='ltr'><strong>bivini.</strong></span> <span class='ocrx_word' id='word_1_245' title='bbox 638 2263 671 2292; x_wconf 83' lang='lat' dir='ltr'><strong>et</strong></span> <span class='ocrx_word' id='word_1_246' title='bbox 688 2257 774 2292; x_wconf 87' lang='lat' dir='ltr'><strong>inde.</strong></span> <span class='ocrx_word' id='word_1_247' title='bbox 796 2270 900 2306; x_wconf 88' lang='lat' dir='ltr'><strong>usque</strong></span> <span class='ocrx_word' id='word_1_248' title='bbox 917 2259 959 2294; x_wconf 86' lang='lat' dir='ltr'><strong>ad</strong></span> <span class='ocrx_word' id='word_1_249' title='bbox 978 2261 1144 2296; x_wconf 77' lang='lat' dir='ltr'><strong>fraxinum</strong></span> <span class='ocrx_word' id='word_1_250' title='bbox 1163 2269 1195 2298; x_wconf 92' lang='lat' dir='ltr'><strong>et</strong></span> <span class='ocrx_word' id='word_1_251' title='bbox 1213 2263 1251 2298; x_wconf 81' lang='lat' dir='ltr'><strong>fi-</strong></span> 
     </span>
     <span class='ocr_line' id='line_1_35' title="bbox 277 2313 1250 2364; baseline 0.006 -16"><span class='ocrx_word' id='word_1_252' title='bbox 277 2325 364 2349; x_wconf 77' lang='lat' dir='ltr'><strong>cum.</strong></span> <span class='ocrx_word' id='word_1_253' title='bbox 377 2315 460 2349; x_wconf 89' lang='lat' dir='ltr'><strong>sicut</strong></span> <span class='ocrx_word' id='word_1_254' title='bbox 471 2313 636 2349; x_wconf 86' lang='lat' dir='ltr'><strong>descendit</strong></span> <span class='ocrx_word' id='word_1_255' title='bbox 650 2319 682 2349; x_wconf 91' lang='lat' dir='ltr'><strong>et</strong></span> <span class='ocrx_word' id='word_1_256' title='bbox 696 2315 770 2350; x_wconf 79' lang='lat' dir='ltr'><strong>serit</strong></span> <span class='ocrx_word' id='word_1_257' title='bbox 784 2315 825 2350; x_wconf 87' lang='lat' dir='ltr'><strong>ad</strong></span> <span class='ocrx_word' id='word_1_258' title='bbox 835 2316 920 2350; x_wconf 62' lang='lat' dir='ltr'><strong>viam</strong></span> <span class='ocrx_word' id='word_1_259' title='bbox 933 2317 1164 2364; x_wconf 80' lang='lat' dir='ltr'><strong>francigenam.</strong></span> <span class='ocrx_word' id='word_1_260' title='bbox 1176 2319 1250 2355; x_wconf 88' lang='lat' dir='ltr'><strong>inde</strong></span> 
     </span>
     <span class='ocr_line' id='line_1_36' title="bbox 277 2370 1248 2419; baseline 0.006 -14"><span class='ocrx_word' id='word_1_261' title='bbox 277 2370 498 2406; x_wconf 77' lang='lat' dir='ltr'><strong>descendendo</strong></span> <span class='ocrx_word' id='word_1_262' title='bbox 515 2370 555 2406; x_wconf 88' lang='lat' dir='ltr'><strong>ad</strong></span> <span class='ocrx_word' id='word_1_263' title='bbox 572 2371 660 2407; x_wconf 84' lang='lat' dir='ltr'><strong>viam</strong></span> <span class='ocrx_word' id='word_1_264' title='bbox 677 2383 741 2419; x_wconf 87' lang='lat' dir='ltr'><strong>que</strong></span> <span class='ocrx_word' id='word_1_265' title='bbox 759 2372 833 2407; x_wconf 74' lang='lat' dir='ltr'><strong>ferit</strong></span> <span class='ocrx_word' id='word_1_266' title='bbox 847 2372 886 2406; x_wconf 85' lang='lat' dir='ltr'><strong>ad</strong></span> <span class='ocrx_word' id='word_1_267' title='bbox 900 2379 1042 2408; x_wconf 84' lang='lat' dir='ltr'><strong>sanctam</strong></span> <span class='ocrx_word' id='word_1_268' title='bbox 1056 2375 1195 2410; x_wconf 87' lang='lat' dir='ltr'><strong>mariam</strong></span> <span class='ocrx_word' id='word_1_269' title='bbox 1208 2376 1248 2411; x_wconf 91' lang='lat' dir='ltr'><strong>de</strong></span> 
     </span>
     <span class='ocr_line' id='line_1_37' title="bbox 278 2428 1249 2477; baseline 0.005 -14"><span class='ocrx_word' id='word_1_270' title='bbox 278 2435 459 2464; x_wconf 81' lang='lat' dir='ltr'><strong>terenzano.</strong></span> <span class='ocrx_word' id='word_1_271' title='bbox 487 2434 519 2463; x_wconf 82' lang='lat' dir='ltr'><strong>ct</strong></span> <span class='ocrx_word' id='word_1_272' title='bbox 544 2428 671 2463; x_wconf 88' lang='lat' dir='ltr'><strong>rediens</strong></span> <span class='ocrx_word' id='word_1_273' title='bbox 695 2428 734 2463; x_wconf 86' lang='lat' dir='ltr'><strong>ad</strong></span> <span class='ocrx_word' id='word_1_274' title='bbox 761 2428 926 2464; x_wconf 87' lang='lat' dir='ltr'><strong>sinistram</strong></span> <span class='ocrx_word' id='word_1_275' title='bbox 948 2442 1051 2477; x_wconf 78' lang='lat' dir='ltr'><strong>nsque</strong></span> <span class='ocrx_word' id='word_1_276' title='bbox 1068 2431 1109 2465; x_wconf 90' lang='lat' dir='ltr'><strong>ad</strong></span> <span class='ocrx_word' id='word_1_277' title='bbox 1127 2431 1249 2468; x_wconf 88' lang='lat' dir='ltr'><strong>ssumen</strong></span> 
     </span>
     <span class='ocr_line' id='line_1_38' title="bbox 277 2485 1250 2534; baseline 0.005 -13"><span class='ocrx_word' id='word_1_278' title='bbox 277 2485 451 2534; x_wconf 85' lang='lat' dir='ltr'><strong>aquilonis.</strong></span> <span class='ocrx_word' id='word_1_279' title='bbox 466 2485 629 2521; x_wconf 73' lang='lat' dir='ltr'><strong>descendit</strong></span> <span class='ocrx_word' id='word_1_280' title='bbox 646 2496 749 2533; x_wconf 88' lang='lat' dir='ltr'><strong>usque</strong></span> <span class='ocrx_word' id='word_1_281' title='bbox 767 2485 806 2520; x_wconf 79' lang='lat' dir='ltr'><strong>ad</strong></span> <span class='ocrx_word' id='word_1_282' title='bbox 823 2487 997 2522; x_wconf 83' lang='lat' dir='ltr'><strong>transitum</strong></span> <span class='ocrx_word' id='word_1_283' title='bbox 1012 2488 1201 2524; x_wconf 87' lang='lat' dir='ltr'><strong>colonnclli.</strong></span> <span class='ocrx_word' id='word_1_284' title='bbox 1216 2495 1250 2526; x_wconf 90' lang='lat' dir='ltr'><strong>et</strong></span> 
     </span>
     <span class='ocr_line' id='line_1_39' title="bbox 276 2544 1250 2592; baseline 0.004 -13"><span class='ocrx_word' id='word_1_285' title='bbox 276 2544 472 2580; x_wconf 81' lang='lat' dir='ltr'><strong>descendens</strong></span> <span class='ocrx_word' id='word_1_286' title='bbox 496 2556 556 2591; x_wconf 87' lang='lat' dir='ltr'><strong>per</strong></span> <span class='ocrx_word' id='word_1_287' title='bbox 574 2544 771 2579; x_wconf 78' lang='lat' dir='ltr'><strong>flumariam.</strong></span> <span class='ocrx_word' id='word_1_288' title='bbox 791 2545 940 2591; x_wconf 76' lang='lat' dir='ltr'><strong>pervenit</strong></span> <span class='ocrx_word' id='word_1_289' title='bbox 957 2557 1062 2592; x_wconf 84' lang='lat' dir='ltr'><strong>usque</strong></span> <span class='ocrx_word' id='word_1_290' title='bbox 1079 2546 1119 2581; x_wconf 84' lang='lat' dir='ltr'><strong>ad</strong></span> <span class='ocrx_word' id='word_1_291' title='bbox 1133 2547 1250 2583; x_wconf 83' lang='lat' dir='ltr'><strong>civita-</strong></span> 
     </span>
     <span class='ocr_line' id='line_1_40' title="bbox 277 2602 1251 2653; baseline 0.004 -15"><span class='ocrx_word' id='word_1_292' title='bbox 277 2607 343 2638; x_wconf 81' lang='lat' dir='ltr'><strong>tem</strong></span> <span class='ocrx_word' id='word_1_293' title='bbox 360 2602 706 2650; x_wconf 31' lang='lat' dir='ltr'><strong>quqfficssurssarpum-</strong></span> <span class='ocrx_word' id='word_1_294' title='bbox 726 2609 759 2638; x_wconf 81' lang='lat' dir='ltr'><strong>et</strong></span> <span class='ocrx_word' id='word_1_295' title='bbox 776 2615 794 2638; x_wconf 88' lang='lat' dir='ltr'><strong>a</strong></span> <span class='ocrx_word' id='word_1_296' title='bbox 814 2603 894 2649; x_wconf 88' lang='lat' dir='ltr'><strong>pede</strong></span> <span class='ocrx_word' id='word_1_297' title='bbox 909 2604 993 2651; x_wconf 84' lang='lat' dir='ltr'><strong>arpi.</strong></span> <span class='ocrx_word' id='word_1_298' title='bbox 1011 2605 1086 2640; x_wconf 81' lang='lat' dir='ltr'><strong>serit</strong></span> <span class='ocrx_word' id='word_1_299' title='bbox 1099 2606 1139 2640; x_wconf 84' lang='lat' dir='ltr'><strong>ad</strong></span> <span class='ocrx_word' id='word_1_300' title='bbox 1152 2612 1251 2653; x_wconf 81' lang='lat' dir='ltr'><strong>caput</strong></span> 
     </span>
     <span class='ocr_line' id='line_1_41' title="bbox 278 2662 1250 2711; baseline 0.004 -15"><span class='ocrx_word' id='word_1_301' title='bbox 278 2662 421 2697; x_wconf 80' lang='lat' dir='ltr'><strong>i&#39;aczeoli.</strong></span> <span class='ocrx_word' id='word_1_302' title='bbox 451 2662 507 2697; x_wconf 84' lang='lat' dir='ltr'><strong>ubi</strong></span> <span class='ocrx_word' id='word_1_303' title='bbox 533 2667 582 2698; x_wconf 86' lang='lat' dir='ltr'><strong>est</strong></span> <span class='ocrx_word' id='word_1_304' title='bbox 606 2663 698 2709; x_wconf 88' lang='lat' dir='ltr'><strong>copia</strong></span> <span class='ocrx_word' id='word_1_305' title='bbox 723 2662 916 2697; x_wconf 84' lang='lat' dir='ltr'><strong>stincorum.</strong></span> <span class='ocrx_word' id='word_1_306' title='bbox 936 2668 968 2698; x_wconf 91' lang='lat' dir='ltr'><strong>et</strong></span> <span class='ocrx_word' id='word_1_307' title='bbox 985 2663 1072 2698; x_wconf 68' lang='lat' dir='ltr'><strong>vadit</strong></span> <span class='ocrx_word' id='word_1_308' title='bbox 1090 2676 1193 2711; x_wconf 84' lang='lat' dir='ltr'><strong>usque</strong></span> <span class='ocrx_word' id='word_1_309' title='bbox 1211 2665 1250 2700; x_wconf 87' lang='lat' dir='ltr'><strong>ad</strong></span> 
     </span>
     <span class='ocr_line' id='line_1_42' title="bbox 277 2719 1250 2768; baseline 0.004 -14"><span class='ocrx_word' id='word_1_310' title='bbox 277 2719 382 2754; x_wconf 81' lang='lat' dir='ltr'><strong>locum</strong></span> <span class='ocrx_word' id='word_1_311' title='bbox 400 2719 456 2766; x_wconf 87' lang='lat' dir='ltr'><strong>qui</strong></span> <span class='ocrx_word' id='word_1_312' title='bbox 474 2725 608 2754; x_wconf 72' lang='lat' dir='ltr'><strong>vocatur</strong></span> <span class='ocrx_word' id='word_1_313' title='bbox 621 2719 758 2766; x_wconf 82' lang='lat' dir='ltr'><strong>antique</strong></span> <span class='ocrx_word' id='word_1_314' title='bbox 767 2719 915 2754; x_wconf 75' lang='lat' dir='ltr'><strong>ecclesie.</strong></span> <span class='ocrx_word' id='word_1_315' title='bbox 932 2720 988 2755; x_wconf 81' lang='lat' dir='ltr'><strong>ubi</strong></span> <span class='ocrx_word' id='word_1_316' title='bbox 1004 2721 1144 2756; x_wconf 80' lang='lat' dir='ltr'><strong>maxima</strong></span> <span class='ocrx_word' id='word_1_317' title='bbox 1160 2728 1250 2768; x_wconf 87' lang='lat' dir='ltr'><strong>petra</strong></span> 
     </span>
     <span class='ocr_line' id='line_1_43' title="bbox 276 2778 1250 2824; baseline 0.003 -11"><span class='ocrx_word' id='word_1_318' title='bbox 276 2784 323 2813; x_wconf 82' lang='lat' dir='ltr'><strong>cst</strong></span> <span class='ocrx_word' id='word_1_319' title='bbox 340 2778 427 2814; x_wconf 82' lang='lat' dir='ltr'><strong>iicta.</strong></span> <span class='ocrx_word' id='word_1_320' title='bbox 448 2778 480 2813; x_wconf 90' lang='lat' dir='ltr'><strong>in</strong></span> <span class='ocrx_word' id='word_1_321' title='bbox 498 2778 570 2814; x_wconf 89' lang='lat' dir='ltr'><strong>loco</strong></span> <span class='ocrx_word' id='word_1_322' title='bbox 586 2778 641 2813; x_wconf 89' lang='lat' dir='ltr'><strong>ubi</strong></span> <span class='ocrx_word' id='word_1_323' title='bbox 661 2779 765 2824; x_wconf 83' lang='lat' dir='ltr'><strong>surgit</strong></span> <span class='ocrx_word' id='word_1_324' title='bbox 784 2779 862 2813; x_wconf 88' lang='lat' dir='ltr'><strong>sons.</strong></span> <span class='ocrx_word' id='word_1_325' title='bbox 880 2784 911 2813; x_wconf 86' lang='lat' dir='ltr'><strong>ct</strong></span> <span class='ocrx_word' id='word_1_326' title='bbox 927 2779 1058 2815; x_wconf 87' lang='lat' dir='ltr'><strong>tendens</strong></span> <span class='ocrx_word' id='word_1_327' title='bbox 1074 2780 1114 2814; x_wconf 85' lang='lat' dir='ltr'><strong>ad</strong></span> <span class='ocrx_word' id='word_1_328' title='bbox 1128 2792 1250 2816; x_wconf 87' lang='lat' dir='ltr'><strong>serram</strong></span> 
     </span>
     <span class='ocr_line' id='line_1_44' title="bbox 278 2833 1251 2883; baseline 0.005 -15"><span class='ocrx_word' id='word_1_329' title='bbox 278 2833 314 2869; x_wconf 90' lang='lat' dir='ltr'><strong>de</strong></span> <span class='ocrx_word' id='word_1_330' title='bbox 340 2834 450 2870; x_wconf 87' lang='lat' dir='ltr'><strong>stincis</strong></span> <span class='ocrx_word' id='word_1_331' title='bbox 467 2834 558 2870; x_wconf 85' lang='lat' dir='ltr'><strong>iuxta</strong></span> <span class='ocrx_word' id='word_1_332' title='bbox 575 2834 792 2882; x_wconf 72' lang='lat' dir='ltr'><strong>virgineolum</strong></span> <span class='ocrx_word' id='word_1_333' title='bbox 812 2836 867 2871; x_wconf 91' lang='lat' dir='ltr'><strong>ubi</strong></span> <span class='ocrx_word' id='word_1_334' title='bbox 885 2836 988 2883; x_wconf 83' lang='lat' dir='ltr'><strong>surgit</strong></span> <span class='ocrx_word' id='word_1_335' title='bbox 1006 2848 1103 2883; x_wconf 88' lang='lat' dir='ltr'><strong>aqua.</strong></span> <span class='ocrx_word' id='word_1_336' title='bbox 1122 2842 1155 2871; x_wconf 88' lang='lat' dir='ltr'><strong>et</strong></span> <span class='ocrx_word' id='word_1_337' title='bbox 1175 2837 1251 2873; x_wconf 78' lang='lat' dir='ltr'><strong>iu‘de</strong></span> 
     </span>
     <span class='ocr_line' id='line_1_45' title="bbox 277 2893 1251 2931; baseline 0.001 -2"><span class='ocrx_word' id='word_1_338' title='bbox 277 2894 392 2930; x_wconf 81' lang='lat' dir='ltr'><strong>transit</strong></span> <span class='ocrx_word' id='word_1_339' title='bbox 409 2893 448 2929; x_wconf 85' lang='lat' dir='ltr'><strong>ad</strong></span> <span class='ocrx_word' id='word_1_340' title='bbox 467 2893 587 2929; x_wconf 72' lang='lat' dir='ltr'><strong>vadum</strong></span> <span class='ocrx_word' id='word_1_341' title='bbox 603 2893 653 2929; x_wconf 83' lang='lat' dir='ltr'><strong>liei</strong></span> <span class='ocrx_word' id='word_1_342' title='bbox 667 2893 706 2928; x_wconf 88' lang='lat' dir='ltr'><strong>ad</strong></span> <span class='ocrx_word' id='word_1_343' title='bbox 720 2893 840 2929; x_wconf 87' lang='lat' dir='ltr'><strong>flumen</strong></span> <span class='ocrx_word' id='word_1_344' title='bbox 855 2895 1009 2930; x_wconf 82' lang='lat' dir='ltr'><strong>cervarii.</strong></span> <span class='ocrx_word' id='word_1_345' title='bbox 1025 2900 1058 2930; x_wconf 92' lang='lat' dir='ltr'><strong>et</strong></span> <span class='ocrx_word' id='word_1_346' title='bbox 1075 2895 1251 2931; x_wconf 82' lang='lat' dir='ltr'><strong>ascendens</strong></span> 
     </span>
     <span class='ocr_line' id='line_1_46' title="bbox 277 2950 1250 2999; baseline 0.002 -14"><span class='ocrx_word' id='word_1_347' title='bbox 277 2951 367 2985; x_wconf 88' lang='lat' dir='ltr'><strong>iuxta</strong></span> <span class='ocrx_word' id='word_1_348' title='bbox 383 2950 488 2997; x_wconf 88' lang='lat' dir='ltr'><strong>ipsum</strong></span> <span class='ocrx_word' id='word_1_349' title='bbox 505 2950 657 2987; x_wconf 70' lang='lat' dir='ltr'><strong>fluvium.</strong></span> <span class='ocrx_word' id='word_1_350' title='bbox 671 2950 759 2986; x_wconf 87' lang='lat' dir='ltr'><strong>vadit</strong></span> <span class='ocrx_word' id='word_1_351' title='bbox 773 2963 874 2999; x_wconf 83' lang='lat' dir='ltr'><strong>usque</strong></span> <span class='ocrx_word' id='word_1_352' title='bbox 888 2951 927 2986; x_wconf 88' lang='lat' dir='ltr'><strong>ad</strong></span> <span class='ocrx_word' id='word_1_353' title='bbox 942 2951 1052 2987; x_wconf 90' lang='lat' dir='ltr'><strong>locum</strong></span> <span class='ocrx_word' id='word_1_354' title='bbox 1066 2951 1120 2987; x_wconf 90' lang='lat' dir='ltr'><strong>ubi</strong></span> <span class='ocrx_word' id='word_1_355' title='bbox 1135 2951 1250 2988; x_wconf 79' lang='lat' dir='ltr'><strong>lavella</strong></span> 
     </span>
     <span class='ocr_line' id='line_1_47' title="bbox 275 3008 1250 3056; baseline 0.002 -13"><span class='ocrx_word' id='word_1_356' title='bbox 275 3009 378 3056; x_wconf 81' lang='lat' dir='ltr'><strong>iungit</strong></span> <span class='ocrx_word' id='word_1_357' title='bbox 396 3020 429 3045; x_wconf 79' lang='lat' dir='ltr'><strong>se</strong></span> <span class='ocrx_word' id='word_1_358' title='bbox 445 3019 520 3046; x_wconf 84' lang='lat' dir='ltr'><strong>cum</strong></span> <span class='ocrx_word' id='word_1_359' title='bbox 538 3009 697 3046; x_wconf 86' lang='lat' dir='ltr'><strong>cervario.</strong></span> <span class='ocrx_word' id='word_1_360' title='bbox 719 3014 752 3045; x_wconf 90' lang='lat' dir='ltr'><strong>et</strong></span> <span class='ocrx_word' id='word_1_361' title='bbox 770 3008 845 3046; x_wconf 83' lang='lat' dir='ltr'><strong>serit</strong></span> <span class='ocrx_word' id='word_1_362' title='bbox 859 3008 891 3044; x_wconf 88' lang='lat' dir='ltr'><strong>in</strong></span> <span class='ocrx_word' id='word_1_363' title='bbox 906 3008 1012 3045; x_wconf 87' lang='lat' dir='ltr'><strong>media</strong></span> <span class='ocrx_word' id='word_1_364' title='bbox 1029 3014 1203 3056; x_wconf 81' lang='lat' dir='ltr'><strong>carpeneta</strong></span> <span class='ocrx_word' id='word_1_365' title='bbox 1216 3009 1250 3045; x_wconf 91' lang='lat' dir='ltr'><strong>in</strong></span> 
     </span>
    </p>
   </div>
   <div class='ocr_carea' id='block_1_8' title="bbox 1291 866 2276 3056">
    <p class='ocr_par' dir='ltr' id='par_1_8' title="bbox 1291 866 2276 3056">
     <span class='ocr_line' id='line_1_48' title="bbox 1299 866 2275 915; baseline 0.001 -13"><span class='ocrx_word' id='word_1_366' title='bbox 1299 872 1397 903; x_wconf 85' lang='lat' dir='ltr'><strong>strata</strong></span> <span class='ocrx_word' id='word_1_367' title='bbox 1411 866 1530 902; x_wconf 85' lang='lat' dir='ltr'><strong>montis</strong></span> <span class='ocrx_word' id='word_1_368' title='bbox 1542 866 1641 915; x_wconf 84' lang='lat' dir='ltr'><strong>ylaris</strong></span> <span class='ocrx_word' id='word_1_369' title='bbox 1650 867 1683 902; x_wconf 88' lang='lat' dir='ltr'><strong>in</strong></span> <span class='ocrx_word' id='word_1_370' title='bbox 1690 867 1872 914; x_wconf 81' lang='lat' dir='ltr'><strong>presignata</strong></span> <span class='ocrx_word' id='word_1_371' title='bbox 1885 879 2026 914; x_wconf 86' lang='lat' dir='ltr'><strong>quercu.</strong></span> <span class='ocrx_word' id='word_1_372' title='bbox 2035 873 2067 903; x_wconf 89' lang='lat' dir='ltr'><strong>et</strong></span> <span class='ocrx_word' id='word_1_373' title='bbox 2078 868 2151 903; x_wconf 84' lang='lat' dir='ltr'><strong>inde</strong></span> <span class='ocrx_word' id='word_1_374' title='bbox 2162 879 2275 903; x_wconf 81' lang='lat' dir='ltr'><strong>ascen-</strong></span> 
     </span>
     <span class='ocr_line' id='line_1_49' title="bbox 1297 923 2273 971; baseline 0.002 -14"><span class='ocrx_word' id='word_1_375' title='bbox 1297 923 1377 960; x_wconf 84' lang='lat' dir='ltr'><strong>dens</strong></span> <span class='ocrx_word' id='word_1_376' title='bbox 1402 924 1441 959; x_wconf 77' lang='lat' dir='ltr'><strong>ml</strong></span> <span class='ocrx_word' id='word_1_377' title='bbox 1455 930 1553 971; x_wconf 83' lang='lat' dir='ltr'><strong>caput</strong></span> <span class='ocrx_word' id='word_1_378' title='bbox 1564 924 1699 959; x_wconf 90' lang='lat' dir='ltr'><strong>mallani</strong></span> <span class='ocrx_word' id='word_1_379' title='bbox 1723 923 1886 960; x_wconf 86' lang='lat' dir='ltr'><strong>descendit</strong></span> <span class='ocrx_word' id='word_1_380' title='bbox 1903 924 1943 959; x_wconf 87' lang='lat' dir='ltr'><strong>ad</strong></span> <span class='ocrx_word' id='word_1_381' title='bbox 1960 925 2124 960; x_wconf 71' lang='lat' dir='ltr'><strong>lamnam.</strong></span> <span class='ocrx_word' id='word_1_382' title='bbox 2145 932 2177 960; x_wconf 82' lang='lat' dir='ltr'><strong>ct</strong></span> <span class='ocrx_word' id='word_1_383' title='bbox 2199 925 2273 960; x_wconf 84' lang='lat' dir='ltr'><strong>inde</strong></span> 
     </span>
     <span class='ocr_line' id='line_1_50' title="bbox 1298 981 2271 1029; baseline 0.001 -13"><span class='ocrx_word' id='word_1_384' title='bbox 1298 981 1387 1017; x_wconf 87' lang='lat' dir='ltr'><strong>vadit</strong></span> <span class='ocrx_word' id='word_1_385' title='bbox 1411 981 1452 1017; x_wconf 86' lang='lat' dir='ltr'><strong>ad</strong></span> <span class='ocrx_word' id='word_1_386' title='bbox 1473 986 1571 1028; x_wconf 88' lang='lat' dir='ltr'><strong>caput</strong></span> <span class='ocrx_word' id='word_1_387' title='bbox 1587 981 1708 1016; x_wconf 88' lang='lat' dir='ltr'><strong>montis</strong></span> <span class='ocrx_word' id='word_1_388' title='bbox 1725 981 1869 1016; x_wconf 89' lang='lat' dir='ltr'><strong>maioris.</strong></span> <span class='ocrx_word' id='word_1_389' title='bbox 1884 987 1917 1016; x_wconf 90' lang='lat' dir='ltr'><strong>et</strong></span> <span class='ocrx_word' id='word_1_390' title='bbox 1934 983 2009 1018; x_wconf 81' lang='lat' dir='ltr'><strong>serit</strong></span> <span class='ocrx_word' id='word_1_391' title='bbox 2026 983 2063 1017; x_wconf 82' lang='lat' dir='ltr'><strong>ad</strong></span> <span class='ocrx_word' id='word_1_392' title='bbox 2083 983 2271 1029; x_wconf 65' lang='lat' dir='ltr'><strong>speluncam</strong></span> 
     </span>
     <span class='ocr_line' id='line_1_51' title="bbox 1298 1038 2274 1079; baseline 0.001 -6"><span class='ocrx_word' id='word_1_393' title='bbox 1298 1038 1443 1079; x_wconf 77' lang='lat' dir='ltr'><strong>ursario,</strong></span> <span class='ocrx_word' id='word_1_394' title='bbox 1471 1044 1505 1074; x_wconf 88' lang='lat' dir='ltr'><strong>ct</strong></span> <span class='ocrx_word' id='word_1_395' title='bbox 1525 1038 1690 1074; x_wconf 87' lang='lat' dir='ltr'><strong>descendit</strong></span> <span class='ocrx_word' id='word_1_396' title='bbox 1706 1038 1747 1072; x_wconf 86' lang='lat' dir='ltr'><strong>ad</strong></span> <span class='ocrx_word' id='word_1_397' title='bbox 1763 1038 1937 1073; x_wconf 84' lang='lat' dir='ltr'><strong>transitum</strong></span> <span class='ocrx_word' id='word_1_398' title='bbox 1953 1040 2057 1073; x_wconf 71' lang='lat' dir='ltr'><strong>nucis.</strong></span> <span class='ocrx_word' id='word_1_399' title='bbox 2078 1047 2108 1073; x_wconf 77' lang='lat' dir='ltr'><strong>ct</strong></span> <span class='ocrx_word' id='word_1_400' title='bbox 2126 1040 2201 1075; x_wconf 89' lang='lat' dir='ltr'><strong>inde</strong></span> <span class='ocrx_word' id='word_1_401' title='bbox 2217 1040 2274 1074; x_wconf 88' lang='lat' dir='ltr'><strong>de-</strong></span> 
     </span>
     <span class='ocr_line' id='line_1_52' title="bbox 1297 1097 2272 1144; baseline 0 -11"><span class='ocrx_word' id='word_1_402' title='bbox 1297 1097 1453 1133; x_wconf 88' lang='lat' dir='ltr'><strong>scendens</strong></span> <span class='ocrx_word' id='word_1_403' title='bbox 1470 1097 1511 1133; x_wconf 92' lang='lat' dir='ltr'><strong>ad</strong></span> <span class='ocrx_word' id='word_1_404' title='bbox 1526 1097 1743 1132; x_wconf 83' lang='lat' dir='ltr'><strong>valoncellum</strong></span> <span class='ocrx_word' id='word_1_405' title='bbox 1758 1097 1815 1144; x_wconf 84' lang='lat' dir='ltr'><strong>qui</strong></span> <span class='ocrx_word' id='word_1_406' title='bbox 1828 1102 1876 1132; x_wconf 86' lang='lat' dir='ltr'><strong>est</strong></span> <span class='ocrx_word' id='word_1_407' title='bbox 1893 1103 1991 1143; x_wconf 89' lang='lat' dir='ltr'><strong>caput</strong></span> <span class='ocrx_word' id='word_1_408' title='bbox 2009 1098 2100 1131; x_wconf 70' lang='lat' dir='ltr'><strong>fluvii</strong></span> <span class='ocrx_word' id='word_1_409' title='bbox 2116 1098 2272 1133; x_wconf 81' lang='lat' dir='ltr'><strong>cervarii.</strong></span> 
     </span>
     <span class='ocr_line' id='line_1_53' title="bbox 1296 1156 2270 1204; baseline 0.002 -13"><span class='ocrx_word' id='word_1_410' title='bbox 1296 1162 1330 1191; x_wconf 88' lang='lat' dir='ltr'><strong>et</strong></span> <span class='ocrx_word' id='word_1_411' title='bbox 1343 1156 1418 1191; x_wconf 76' lang='lat' dir='ltr'><strong>terit</strong></span> <span class='ocrx_word' id='word_1_412' title='bbox 1430 1156 1471 1191; x_wconf 78' lang='lat' dir='ltr'><strong>ad</strong></span> <span class='ocrx_word' id='word_1_413' title='bbox 1482 1157 1592 1192; x_wconf 89' lang='lat' dir='ltr'><strong>locum</strong></span> <span class='ocrx_word' id='word_1_414' title='bbox 1604 1156 1662 1204; x_wconf 82' lang='lat' dir='ltr'><strong>qui</strong></span> <span class='ocrx_word' id='word_1_415' title='bbox 1674 1163 1811 1192; x_wconf 84' lang='lat' dir='ltr'><strong>vocatur</strong></span> <span class='ocrx_word' id='word_1_416' title='bbox 1827 1156 1994 1203; x_wconf 89' lang='lat' dir='ltr'><strong>relupum.</strong></span> <span class='ocrx_word' id='word_1_417' title='bbox 2010 1156 2088 1191; x_wconf 81' lang='lat' dir='ltr'><strong>inde</strong></span> <span class='ocrx_word' id='word_1_418' title='bbox 2099 1157 2270 1193; x_wconf 85' lang='lat' dir='ltr'><strong>transiens.</strong></span> 
     </span>
     <span class='ocr_line' id='line_1_54' title="bbox 1296 1213 2272 1260; baseline -0.001 -11"><span class='ocrx_word' id='word_1_419' title='bbox 1296 1213 1506 1259; x_wconf 84' lang='lat' dir='ltr'><strong>coniungitur</strong></span> <span class='ocrx_word' id='word_1_420' title='bbox 1533 1226 1609 1249; x_wconf 90' lang='lat' dir='ltr'><strong>eum</strong></span> <span class='ocrx_word' id='word_1_421' title='bbox 1633 1213 1776 1260; x_wconf 86' lang='lat' dir='ltr'><strong>predicta</strong></span> <span class='ocrx_word' id='word_1_422' title='bbox 1799 1225 1927 1249; x_wconf 85' lang='lat' dir='ltr'><strong>camera</strong></span> <span class='ocrx_word' id='word_1_423' title='bbox 1958 1213 2060 1249; x_wconf 77' lang='lat' dir='ltr'><strong>sancti</strong></span> <span class='ocrx_word' id='word_1_424' title='bbox 2084 1213 2272 1249; x_wconf 85' lang='lat' dir='ltr'><strong>eleutherii.</strong></span> 
     </span>
     <span class='ocr_line' id='line_1_55' title="bbox 1297 1270 2273 1318; baseline 0.002 -13"><span class='ocrx_word' id='word_1_425' title='bbox 1297 1271 1344 1306; x_wconf 85' lang='lat' dir='ltr'><strong>lta</strong></span> <span class='ocrx_word' id='word_1_426' title='bbox 1370 1282 1427 1305; x_wconf 85' lang='lat' dir='ltr'><strong>nos</strong></span> <span class='ocrx_word' id='word_1_427' title='bbox 1439 1270 1541 1306; x_wconf 89' lang='lat' dir='ltr'><strong>baiuli</strong></span> <span class='ocrx_word' id='word_1_428' title='bbox 1564 1271 1688 1306; x_wconf 87' lang='lat' dir='ltr'><strong>domini</strong></span> <span class='ocrx_word' id='word_1_429' title='bbox 1712 1271 1918 1318; x_wconf 86' lang='lat' dir='ltr'><strong>imperatoris</strong></span> <span class='ocrx_word' id='word_1_430' title='bbox 1939 1271 2112 1306; x_wconf 85' lang='lat' dir='ltr'><strong>divisimus</strong></span> <span class='ocrx_word' id='word_1_431' title='bbox 2129 1271 2211 1305; x_wconf 83' lang='lat' dir='ltr'><strong>fines</strong></span> <span class='ocrx_word' id='word_1_432' title='bbox 2225 1271 2273 1307; x_wconf 90' lang='lat' dir='ltr'><strong>ci-</strong></span> 
     </span>
     <span class='ocr_line' id='line_1_56' title="bbox 1298 1324 2273 1375; baseline 0.002 -13"><span class='ocrx_word' id='word_1_433' title='bbox 1298 1327 1407 1363; x_wconf 83' lang='lat' dir='ltr'><strong>vitatis</strong></span> <span class='ocrx_word' id='word_1_434' title='bbox 1430 1324 1529 1363; x_wconf 86' lang='lat' dir='ltr'><strong>troie.</strong></span> <span class='ocrx_word' id='word_1_435' title='bbox 1543 1328 1577 1363; x_wconf 89' lang='lat' dir='ltr'><strong>in</strong></span> <span class='ocrx_word' id='word_1_436' title='bbox 1593 1329 1757 1375; x_wconf 83' lang='lat' dir='ltr'><strong>presentia</strong></span> <span class='ocrx_word' id='word_1_437' title='bbox 1783 1328 2045 1375; x_wconf 86' lang='lat' dir='ltr'><strong>supradictorum</strong></span> <span class='ocrx_word' id='word_1_438' title='bbox 2062 1328 2273 1364; x_wconf 90' lang='lat' dir='ltr'><strong>dominorum</strong></span> 
     </span>
     <span class='ocr_line' id='line_1_57' title="bbox 1296 1386 2276 1434; baseline 0 -12"><span class='ocrx_word' id='word_1_439' title='bbox 1296 1387 1504 1433; x_wconf 67' lang='lat' dir='ltr'><strong>principum-</strong></span> <span class='ocrx_word' id='word_1_440' title='bbox 1515 1392 1547 1422; x_wconf 89' lang='lat' dir='ltr'><strong>et</strong></span> <span class='ocrx_word' id='word_1_441' title='bbox 1563 1387 1670 1422; x_wconf 87' lang='lat' dir='ltr'><strong>basilii</strong></span> <span class='ocrx_word' id='word_1_442' title='bbox 1687 1387 2022 1434; x_wconf 84' lang='lat' dir='ltr'><strong>protospatariiitalie</strong></span> <span class='ocrx_word' id='word_1_443' title='bbox 2037 1386 2077 1421; x_wconf 85' lang='lat' dir='ltr'><strong>de</strong></span> <span class='ocrx_word' id='word_1_444' title='bbox 2089 1387 2223 1422; x_wconf 88' lang='lat' dir='ltr'><strong>buiano.</strong></span> <span class='ocrx_word' id='word_1_445' title='bbox 2238 1392 2276 1422; x_wconf 85' lang='lat' dir='ltr'><strong>nt</strong></span> 
     </span>
     <span class='ocr_line' id='line_1_58' title="bbox 1296 1443 2272 1480; baseline -0.001 0"><span class='ocrx_word' id='word_1_446' title='bbox 1296 1445 1381 1480; x_wconf 85' lang='lat' dir='ltr'><strong>inter</strong></span> <span class='ocrx_word' id='word_1_447' title='bbox 1399 1445 1457 1480; x_wconf 86' lang='lat' dir='ltr'><strong>hos</strong></span> <span class='ocrx_word' id='word_1_448' title='bbox 1474 1445 1553 1480; x_wconf 80' lang='lat' dir='ltr'><strong>lines</strong></span> <span class='ocrx_word' id='word_1_449' title='bbox 1569 1450 1601 1480; x_wconf 88' lang='lat' dir='ltr'><strong>et</strong></span> <span class='ocrx_word' id='word_1_450' title='bbox 1612 1444 1718 1480; x_wconf 83' lang='lat' dir='ltr'><strong>divisa</strong></span> <span class='ocrx_word' id='word_1_451' title='bbox 1732 1444 1930 1480; x_wconf 81' lang='lat' dir='ltr'><strong>habitatores</strong></span> <span class='ocrx_word' id='word_1_452' title='bbox 1946 1444 2030 1479; x_wconf 90' lang='lat' dir='ltr'><strong>troie</strong></span> <span class='ocrx_word' id='word_1_453' title='bbox 2046 1443 2272 1480; x_wconf 87' lang='lat' dir='ltr'><strong>dominentur.</strong></span> 
     </span>
     <span class='ocr_line' id='line_1_59' title="bbox 1295 1502 2275 1551; baseline -0.003 -11"><span class='ocrx_word' id='word_1_454' title='bbox 1295 1505 1336 1540; x_wconf 88' lang='lat' dir='ltr'><strong>Et</strong></span> <span class='ocrx_word' id='word_1_455' title='bbox 1350 1505 1411 1540; x_wconf 89' lang='lat' dir='ltr'><strong>hoc</strong></span> <span class='ocrx_word' id='word_1_456' title='bbox 1428 1505 1501 1540; x_wconf 89' lang='lat' dir='ltr'><strong>idco</strong></span> <span class='ocrx_word' id='word_1_457' title='bbox 1513 1510 1584 1540; x_wconf 74' lang='lat' dir='ltr'><strong>¹tam</strong></span> <span class='ocrx_word' id='word_1_458' title='bbox 1596 1503 1736 1551; x_wconf 85' lang='lat' dir='ltr'><strong>henigne</strong></span> <span class='ocrx_word' id='word_1_459' title='bbox 1748 1508 1781 1538; x_wconf 90' lang='lat' dir='ltr'><strong>et</strong></span> <span class='ocrx_word' id='word_1_460' title='bbox 1792 1503 1883 1549; x_wconf 80' lang='lat' dir='ltr'><strong>large</strong></span> <span class='ocrx_word' id='word_1_461' title='bbox 1897 1502 2047 1538; x_wconf 74' lang='lat' dir='ltr'><strong>fecimus.</strong></span> <span class='ocrx_word' id='word_1_462' title='bbox 2061 1508 2197 1549; x_wconf 87' lang='lat' dir='ltr'><strong>propter</strong></span> <span class='ocrx_word' id='word_1_463' title='bbox 2214 1502 2275 1537; x_wconf 88' lang='lat' dir='ltr'><strong>bo-</strong></span> 
     </span>
     <span class='ocr_line' id='line_1_60' title="bbox 1296 1561 2276 1612; baseline -0.001 -14"><span class='ocrx_word' id='word_1_464' title='bbox 1296 1576 1373 1599; x_wconf 90' lang='lat' dir='ltr'><strong>nam</strong></span> <span class='ocrx_word' id='word_1_465' title='bbox 1386 1569 1419 1599; x_wconf 83' lang='lat' dir='ltr'><strong>et</strong></span> <span class='ocrx_word' id='word_1_466' title='bbox 1435 1570 1559 1600; x_wconf 86' lang='lat' dir='ltr'><strong>rectam</strong></span> <span class='ocrx_word' id='word_1_467' title='bbox 1576 1564 1672 1600; x_wconf 79' lang='lat' dir='ltr'><strong>tidem</strong></span> <span class='ocrx_word' id='word_1_468' title='bbox 1688 1575 1788 1612; x_wconf 85' lang='lat' dir='ltr'><strong>quam</strong></span> <span class='ocrx_word' id='word_1_469' title='bbox 1804 1563 1992 1598; x_wconf 62' lang='lat' dir='ltr'><strong>habuerunt</strong></span> <span class='ocrx_word' id='word_1_470' title='bbox 2009 1574 2087 1608; x_wconf 81' lang='lat' dir='ltr'><strong>erga</strong></span> <span class='ocrx_word' id='word_1_471' title='bbox 2105 1561 2276 1597; x_wconf 90' lang='lat' dir='ltr'><strong>dominum</strong></span> 
     </span>
     <span class='ocr_line' id='line_1_61' title="bbox 1295 1620 2275 1671; baseline -0.002 -14"><span class='ocrx_word' id='word_1_472' title='bbox 1295 1623 1541 1670; x_wconf 84' lang='lat' dir='ltr'><strong>imperatorem.</strong></span> <span class='ocrx_word' id='word_1_473' title='bbox 1561 1629 1595 1659; x_wconf 90' lang='lat' dir='ltr'><strong>et</strong></span> <span class='ocrx_word' id='word_1_474' title='bbox 1619 1635 1680 1671; x_wconf 88' lang='lat' dir='ltr'><strong>pro</strong></span> <span class='ocrx_word' id='word_1_475' title='bbox 1704 1622 1790 1658; x_wconf 88' lang='lat' dir='ltr'><strong>bono</strong></span> <span class='ocrx_word' id='word_1_476' title='bbox 1815 1622 1950 1657; x_wconf 87' lang='lat' dir='ltr'><strong>servitio</strong></span> <span class='ocrx_word' id='word_1_477' title='bbox 1974 1620 2063 1669; x_wconf 89' lang='lat' dir='ltr'><strong>quod</strong></span> <span class='ocrx_word' id='word_1_478' title='bbox 2087 1621 2149 1668; x_wconf 87' lang='lat' dir='ltr'><strong>ipsi</strong></span> <span class='ocrx_word' id='word_1_479' title='bbox 2180 1620 2275 1656; x_wconf 89' lang='lat' dir='ltr'><strong>exhi-</strong></span> 
     </span>
     <span class='ocr_line' id='line_1_62' title="bbox 1295 1678 2275 1725; baseline 0 -12"><span class='ocrx_word' id='word_1_480' title='bbox 1295 1679 1440 1715; x_wconf 86' lang='lat' dir='ltr'><strong>buerunt</strong></span> <span class='ocrx_word' id='word_1_481' title='bbox 1455 1681 1516 1716; x_wconf 84' lang='lat' dir='ltr'><strong>sub</strong></span> <span class='ocrx_word' id='word_1_482' title='bbox 1528 1680 1732 1717; x_wconf 85' lang='lat' dir='ltr'><strong>sanctissimo</strong></span> <span class='ocrx_word' id='word_1_483' title='bbox 1745 1685 1779 1715; x_wconf 89' lang='lat' dir='ltr'><strong>et</strong></span> <span class='ocrx_word' id='word_1_484' title='bbox 1791 1678 2061 1716; x_wconf 79' lang='lat' dir='ltr'><strong>victoriosissimo</strong></span> <span class='ocrx_word' id='word_1_485' title='bbox 2076 1678 2275 1725; x_wconf 80' lang='lat' dir='ltr'><strong>imperatore</strong></span> 
     </span>
     <span class='ocr_line' id='line_1_63' title="bbox 1295 1735 2273 1784; baseline -0.003 -10"><span class='ocrx_word' id='word_1_486' title='bbox 1295 1744 1408 1775; x_wconf 88' lang='lat' dir='ltr'><strong>nostro</strong></span> <span class='ocrx_word' id='word_1_487' title='bbox 1431 1739 1571 1776; x_wconf 81' lang='lat' dir='ltr'><strong>firmiter</strong></span> <span class='ocrx_word' id='word_1_488' title='bbox 1596 1739 1829 1775; x_wconf 85' lang='lat' dir='ltr'><strong>concessimus.</strong></span> <span class='ocrx_word' id='word_1_489' title='bbox 1856 1743 1889 1773; x_wconf 91' lang='lat' dir='ltr'><strong>et</strong></span> <span class='ocrx_word' id='word_1_490' title='bbox 1913 1737 2062 1772; x_wconf 87' lang='lat' dir='ltr'><strong>dedimus</strong></span> <span class='ocrx_word' id='word_1_491' title='bbox 2087 1735 2273 1784; x_wconf 67' lang='lat' dir='ltr'><strong>supradicta</strong></span> 
     </span>
     <span class='ocr_line' id='line_1_64' title="bbox 1295 1792 2275 1845; baseline -0.003 -13"><span class='ocrx_word' id='word_1_492' title='bbox 1295 1797 1365 1832; x_wconf 85' lang='lat' dir='ltr'><strong>loca</strong></span> <span class='ocrx_word' id='word_1_493' title='bbox 1383 1802 1416 1832; x_wconf 91' lang='lat' dir='ltr'><strong>et</strong></span> <span class='ocrx_word' id='word_1_494' title='bbox 1433 1797 1512 1832; x_wconf 80' lang='lat' dir='ltr'><strong>fines</strong></span> <span class='ocrx_word' id='word_1_495' title='bbox 1525 1797 1602 1831; x_wconf 93' lang='lat' dir='ltr'><strong>illis.</strong></span> <span class='ocrx_word' id='word_1_496' title='bbox 1623 1797 1753 1845; x_wconf 87' lang='lat' dir='ltr'><strong>quando</strong></span> <span class='ocrx_word' id='word_1_497' title='bbox 1770 1809 1850 1832; x_wconf 85' lang='lat' dir='ltr'><strong>vero</strong></span> <span class='ocrx_word' id='word_1_498' title='bbox 1865 1796 1924 1831; x_wconf 87' lang='lat' dir='ltr'><strong>hos</strong></span> <span class='ocrx_word' id='word_1_499' title='bbox 1940 1796 2020 1830; x_wconf 84' lang='lat' dir='ltr'><strong>fines</strong></span> <span class='ocrx_word' id='word_1_500' title='bbox 2037 1799 2069 1830; x_wconf 87' lang='lat' dir='ltr'><strong>et</strong></span> <span class='ocrx_word' id='word_1_501' title='bbox 2086 1795 2155 1830; x_wconf 85' lang='lat' dir='ltr'><strong>loca</strong></span> <span class='ocrx_word' id='word_1_502' title='bbox 2173 1792 2275 1830; x_wconf 84' lang='lat' dir='ltr'><strong>stabi-</strong></span> 
     </span>
     <span class='ocr_line' id='line_1_65' title="bbox 1295 1853 2274 1902; baseline -0.003 -12"><span class='ocrx_word' id='word_1_503' title='bbox 1295 1855 1468 1890; x_wconf 86' lang='lat' dir='ltr'><strong>liebamus.</strong></span> <span class='ocrx_word' id='word_1_504' title='bbox 1495 1860 1541 1890; x_wconf 91' lang='lat' dir='ltr'><strong>et.</strong></span> <span class='ocrx_word' id='word_1_505' title='bbox 1564 1854 1789 1902; x_wconf 90' lang='lat' dir='ltr'><strong>prenominata</strong></span> <span class='ocrx_word' id='word_1_506' title='bbox 1815 1854 1930 1889; x_wconf 87' lang='lat' dir='ltr'><strong>civitas</strong></span> <span class='ocrx_word' id='word_1_507' title='bbox 1955 1866 1976 1889; x_wconf 86' lang='lat' dir='ltr'><strong>a·</strong></span> <span class='ocrx_word' id='word_1_508' title='bbox 1999 1853 2091 1888; x_wconf 90' lang='lat' dir='ltr'><strong>nobis</strong></span> <span class='ocrx_word' id='word_1_509' title='bbox 2115 1864 2192 1888; x_wconf 87' lang='lat' dir='ltr'><strong>enm</strong></span> <span class='ocrx_word' id='word_1_510' title='bbox 2217 1863 2274 1887; x_wconf 83' lang='lat' dir='ltr'><strong>co·</strong></span> 
     </span>
     <span class='ocr_line' id='line_1_66' title="bbox 1294 1910 2275 1958; baseline -0.004 -10"><span class='ocrx_word' id='word_1_511' title='bbox 1294 1913 1429 1948; x_wconf 89' lang='lat' dir='ltr'><strong>mitibus</strong></span> <span class='ocrx_word' id='word_1_512' title='bbox 1446 1911 1675 1947; x_wconf 85' lang='lat' dir='ltr'><strong>fabricaretur.</strong></span> <span class='ocrx_word' id='word_1_513' title='bbox 1695 1911 1855 1958; x_wconf 85' lang='lat' dir='ltr'><strong>stratigoti</strong></span> <span class='ocrx_word' id='word_1_514' title='bbox 1869 1923 1928 1958; x_wconf 89' lang='lat' dir='ltr'><strong>per</strong></span> <span class='ocrx_word' id='word_1_515' title='bbox 1944 1910 2100 1946; x_wconf 84' lang='lat' dir='ltr'><strong>invidiam</strong></span> <span class='ocrx_word' id='word_1_516' title='bbox 2116 1920 2275 1945; x_wconf 79' lang='lat' dir='ltr'><strong>accusau-</strong></span> 
     </span>
     <span class='ocr_line' id='line_1_67' title="bbox 1294 1968 2273 2019; baseline -0.004 -12"><span class='ocrx_word' id='word_1_517' title='bbox 1294 1978 1343 2007; x_wconf 91' lang='lat' dir='ltr'><strong>tes</strong></span> <span class='ocrx_word' id='word_1_518' title='bbox 1358 1972 1525 2008; x_wconf 83' lang='lat' dir='ltr'><strong>troianum</strong></span> <span class='ocrx_word' id='word_1_519' title='bbox 1547 1971 1707 2019; x_wconf 86' lang='lat' dir='ltr'><strong>populum</strong></span> <span class='ocrx_word' id='word_1_520' title='bbox 1730 1970 1880 2006; x_wconf 85' lang='lat' dir='ltr'><strong>dicebant</strong></span> <span class='ocrx_word' id='word_1_521' title='bbox 1904 1970 2010 2005; x_wconf 85' lang='lat' dir='ltr'><strong>nobis.</strong></span> <span class='ocrx_word' id='word_1_522' title='bbox 2037 1969 2185 2017; x_wconf 86' lang='lat' dir='ltr'><strong>Populus</strong></span> <span class='ocrx_word' id='word_1_523' title='bbox 2209 1968 2273 2003; x_wconf 81' lang='lat' dir='ltr'><strong>iste</strong></span> 
     </span>
     <span class='ocr_line' id='line_1_68' title="bbox 1293 2026 2273 2073; baseline -0.005 -8"><span class='ocrx_word' id='word_1_524' title='bbox 1293 2030 1347 2065; x_wconf 88' lang='lat' dir='ltr'><strong>cui</strong></span> <span class='ocrx_word' id='word_1_525' title='bbox 1366 2041 1426 2065; x_wconf 77' lang='lat' dir='ltr'><strong>vos</strong></span> <span class='ocrx_word' id='word_1_526' title='bbox 1449 2028 1532 2064; x_wconf 84' lang='lat' dir='ltr'><strong>datis</strong></span> <span class='ocrx_word' id='word_1_527' title='bbox 1547 2029 1607 2064; x_wconf 88' lang='lat' dir='ltr'><strong>hos</strong></span> <span class='ocrx_word' id='word_1_528' title='bbox 1623 2028 1717 2063; x_wconf 86' lang='lat' dir='ltr'><strong>fines.</strong></span> <span class='ocrx_word' id='word_1_529' title='bbox 1737 2027 1832 2062; x_wconf 82' lang='lat' dir='ltr'><strong>fortis</strong></span> <span class='ocrx_word' id='word_1_530' title='bbox 1847 2033 1881 2062; x_wconf 88' lang='lat' dir='ltr'><strong>et</strong></span> <span class='ocrx_word' id='word_1_531' title='bbox 1896 2027 1998 2062; x_wconf 89' lang='lat' dir='ltr'><strong>durus</strong></span> <span class='ocrx_word' id='word_1_532' title='bbox 2010 2031 2073 2061; x_wconf 83' lang='lat' dir='ltr'><strong>est.</strong></span> <span class='ocrx_word' id='word_1_533' title='bbox 2088 2026 2146 2073; x_wconf 90' lang='lat' dir='ltr'><strong>qui</strong></span> <span class='ocrx_word' id='word_1_534' title='bbox 2158 2037 2273 2061; x_wconf 88' lang='lat' dir='ltr'><strong>omnes</strong></span> 
     </span>
     <span class='ocr_line' id='line_1_69' title="bbox 1295 2084 2272 2136; baseline -0.004 -14"><span class='ocrx_word' id='word_1_535' title='bbox 1295 2099 1371 2122; x_wconf 92' lang='lat' dir='ltr'><strong>suos</strong></span> <span class='ocrx_word' id='word_1_536' title='bbox 1395 2087 1522 2123; x_wconf 76' lang='lat' dir='ltr'><strong>vicinos</strong></span> <span class='ocrx_word' id='word_1_537' title='bbox 1538 2086 1726 2122; x_wconf 83' lang='lat' dir='ltr'><strong>debellabit.</strong></span> <span class='ocrx_word' id='word_1_538' title='bbox 1747 2091 1780 2121; x_wconf 90' lang='lat' dir='ltr'><strong>et</strong></span> <span class='ocrx_word' id='word_1_539' title='bbox 1797 2085 1894 2120; x_wconf 86' lang='lat' dir='ltr'><strong>etiam</strong></span> <span class='ocrx_word' id='word_1_540' title='bbox 1912 2085 2076 2132; x_wconf 85' lang='lat' dir='ltr'><strong>principes</strong></span> <span class='ocrx_word' id='word_1_541' title='bbox 2091 2084 2193 2120; x_wconf 89' lang='lat' dir='ltr'><strong>sancti</strong></span> <span class='ocrx_word' id='word_1_542' title='bbox 2210 2086 2272 2136; x_wconf 80' lang='lat' dir='ltr'><strong>im-</strong></span> 
     </span>
     <span class='ocr_line' id='line_1_70' title="bbox 1294 2136 2273 2191; baseline 0 -13"><span class='ocrx_word' id='word_1_543' title='bbox 1294 2136 1375 2191; x_wconf 84' lang='lat' dir='ltr'><strong>perii</strong></span> <span class='ocrx_word' id='word_1_544' title='bbox 1389 2143 1576 2178; x_wconf 83' lang='lat' dir='ltr'><strong>interficiet.</strong></span> <span class='ocrx_word' id='word_1_545' title='bbox 1602 2145 1727 2178; x_wconf 85' lang='lat' dir='ltr'><strong>Verum</strong></span> <span class='ocrx_word' id='word_1_546' title='bbox 1751 2155 1811 2178; x_wconf 89' lang='lat' dir='ltr'><strong>nos</strong></span> <span class='ocrx_word' id='word_1_547' title='bbox 1835 2148 2064 2190; x_wconf 81' lang='lat' dir='ltr'><strong>cognoscentes</strong></span> <span class='ocrx_word' id='word_1_548' title='bbox 2080 2154 2195 2178; x_wconf 85' lang='lat' dir='ltr'><strong>eorum</strong></span> <span class='ocrx_word' id='word_1_549' title='bbox 2219 2154 2273 2178; x_wconf 85' lang='lat' dir='ltr'><strong>ac-</strong></span> 
     </span>
     <span class='ocr_line' id='line_1_71' title="bbox 1293 2201 2272 2249; baseline 0 -12"><span class='ocrx_word' id='word_1_550' title='bbox 1293 2207 1481 2238; x_wconf 85' lang='lat' dir='ltr'><strong>cusatorum</strong></span> <span class='ocrx_word' id='word_1_551' title='bbox 1497 2201 1672 2237; x_wconf 77' lang='lat' dir='ltr'><strong>malitiam.</strong></span> <span class='ocrx_word' id='word_1_552' title='bbox 1690 2201 1834 2236; x_wconf 88' lang='lat' dir='ltr'><strong>diximus</strong></span> <span class='ocrx_word' id='word_1_553' title='bbox 1854 2201 1942 2249; x_wconf 87' lang='lat' dir='ltr'><strong>quod</strong></span> <span class='ocrx_word' id='word_1_554' title='bbox 1956 2201 2076 2237; x_wconf 89' lang='lat' dir='ltr'><strong>troiani</strong></span> <span class='ocrx_word' id='word_1_555' title='bbox 2100 2214 2161 2237; x_wconf 90' lang='lat' dir='ltr'><strong>nec</strong></span> <span class='ocrx_word' id='word_1_556' title='bbox 2188 2203 2272 2237; x_wconf 83' lang='lat' dir='ltr'><strong>fece-</strong></span> 
     </span>
     <span class='ocr_line' id='line_1_72' title="bbox 1293 2258 2271 2305; baseline -0.002 -10"><span class='ocrx_word' id='word_1_557' title='bbox 1293 2264 1371 2295; x_wconf 83' lang='lat' dir='ltr'><strong>runt</strong></span> <span class='ocrx_word' id='word_1_558' title='bbox 1384 2271 1443 2295; x_wconf 91' lang='lat' dir='ltr'><strong>nee</strong></span> <span class='ocrx_word' id='word_1_559' title='bbox 1455 2258 1573 2294; x_wconf 82' lang='lat' dir='ltr'><strong>facient</strong></span> <span class='ocrx_word' id='word_1_560' title='bbox 1588 2263 1705 2294; x_wconf 80' lang='lat' dir='ltr'><strong>contra</strong></span> <span class='ocrx_word' id='word_1_561' title='bbox 1720 2258 1922 2294; x_wconf 80' lang='lat' dir='ltr'><strong>voluntatem</strong></span> <span class='ocrx_word' id='word_1_562' title='bbox 1935 2258 2063 2305; x_wconf 84' lang='lat' dir='ltr'><strong>imperii</strong></span> <span class='ocrx_word' id='word_1_563' title='bbox 2082 2264 2271 2294; x_wconf 86' lang='lat' dir='ltr'><strong>sanctorum</strong></span> 
     </span>
     <span class='ocr_line' id='line_1_73' title="bbox 1292 2315 2269 2364; baseline -0.002 -12"><span class='ocrx_word' id='word_1_564' title='bbox 1292 2318 1527 2364; x_wconf 84' lang='lat' dir='ltr'><strong>imperatorum</strong></span> <span class='ocrx_word' id='word_1_565' title='bbox 1551 2322 1752 2352; x_wconf 87' lang='lat' dir='ltr'><strong>nostrorum.</strong></span> <span class='ocrx_word' id='word_1_566' title='bbox 1773 2315 1829 2351; x_wconf 87' lang='lat' dir='ltr'><strong>scd</strong></span> <span class='ocrx_word' id='word_1_567' title='bbox 1853 2316 1961 2363; x_wconf 87' lang='lat' dir='ltr'><strong>potius</strong></span> <span class='ocrx_word' id='word_1_568' title='bbox 1984 2327 2047 2363; x_wconf 88' lang='lat' dir='ltr'><strong>pro</strong></span> <span class='ocrx_word' id='word_1_569' title='bbox 2069 2327 2178 2351; x_wconf 81' lang='lat' dir='ltr'><strong>amore</strong></span> <span class='ocrx_word' id='word_1_570' title='bbox 2204 2316 2269 2351; x_wconf 85' lang='lat' dir='ltr'><strong>im·</strong></span> 
     </span>
     <span class='ocr_line' id='line_1_74' title="bbox 1292 2373 2270 2422; baseline -0.003 -12"><span class='ocrx_word' id='word_1_571' title='bbox 1292 2375 1373 2422; x_wconf 89' lang='lat' dir='ltr'><strong>perii</strong></span> <span class='ocrx_word' id='word_1_572' title='bbox 1403 2387 1438 2410; x_wconf 87' lang='lat' dir='ltr'><strong>se</strong></span> <span class='ocrx_word' id='word_1_573' title='bbox 1463 2373 1564 2409; x_wconf 86' lang='lat' dir='ltr'><strong>morti</strong></span> <span class='ocrx_word' id='word_1_574' title='bbox 1593 2373 1811 2409; x_wconf 83' lang='lat' dir='ltr'><strong>tradiderunt.</strong></span> <span class='ocrx_word' id='word_1_575' title='bbox 1838 2373 1973 2420; x_wconf 83' lang='lat' dir='ltr'><strong>quando</strong></span> <span class='ocrx_word' id='word_1_576' title='bbox 1993 2385 2052 2407; x_wconf 83' lang='lat' dir='ltr'><strong>rex</strong></span> <span class='ocrx_word' id='word_1_577' title='bbox 2084 2373 2270 2409; x_wconf 84' lang='lat' dir='ltr'><strong>francorum</strong></span> 
     </span>
     <span class='ocr_line' id='line_1_75' title="bbox 1291 2429 2272 2468; baseline -0.004 0"><span class='ocrx_word' id='word_1_578' title='bbox 1291 2445 1367 2468; x_wconf 87' lang='lat' dir='ltr'><strong>cum</strong></span> <span class='ocrx_word' id='word_1_579' title='bbox 1382 2437 1456 2467; x_wconf 86' lang='lat' dir='ltr'><strong>toto</strong></span> <span class='ocrx_word' id='word_1_580' title='bbox 1469 2431 1616 2467; x_wconf 80' lang='lat' dir='ltr'><strong>exercitu</strong></span> <span class='ocrx_word' id='word_1_581' title='bbox 1634 2443 1693 2466; x_wconf 87' lang='lat' dir='ltr'><strong>suo</strong></span> <span class='ocrx_word' id='word_1_582' title='bbox 1709 2430 1799 2466; x_wconf 86' lang='lat' dir='ltr'><strong>venit</strong></span> <span class='ocrx_word' id='word_1_583' title='bbox 1823 2436 1857 2466; x_wconf 85' lang='lat' dir='ltr'><strong>et</strong></span> <span class='ocrx_word' id='word_1_584' title='bbox 1877 2429 2002 2465; x_wconf 84' lang='lat' dir='ltr'><strong>obsedit</strong></span> <span class='ocrx_word' id='word_1_585' title='bbox 2018 2429 2184 2465; x_wconf 86' lang='lat' dir='ltr'><strong>civitatem</strong></span> <span class='ocrx_word' id='word_1_586' title='bbox 2198 2429 2272 2464; x_wconf 89' lang='lat' dir='ltr'><strong>illo-</strong></span> 
     </span>
     <span class='ocr_line' id='line_1_76' title="bbox 1291 2489 2269 2538; baseline -0.002 -12"><span class='ocrx_word' id='word_1_587' title='bbox 1291 2503 1379 2526; x_wconf 90' lang='lat' dir='ltr'><strong>rum.</strong></span> <span class='ocrx_word' id='word_1_588' title='bbox 1398 2496 1430 2526; x_wconf 92' lang='lat' dir='ltr'><strong>et</strong></span> <span class='ocrx_word' id='word_1_589' title='bbox 1444 2490 1505 2538; x_wconf 88' lang='lat' dir='ltr'><strong>ipsi</strong></span> <span class='ocrx_word' id='word_1_590' title='bbox 1523 2489 1699 2525; x_wconf 83' lang='lat' dir='ltr'><strong>fidelissimi</strong></span> <span class='ocrx_word' id='word_1_591' title='bbox 1723 2489 1771 2524; x_wconf 87' lang='lat' dir='ltr'><strong>ita</strong></span> <span class='ocrx_word' id='word_1_592' title='bbox 1787 2489 1984 2524; x_wconf 85' lang='lat' dir='ltr'><strong>obstiterunt</strong></span> <span class='ocrx_word' id='word_1_593' title='bbox 2002 2489 2085 2536; x_wconf 83' lang='lat' dir='ltr'><strong>regi.</strong></span> <span class='ocrx_word' id='word_1_594' title='bbox 2105 2489 2193 2537; x_wconf 86' lang='lat' dir='ltr'><strong>quod</strong></span> <span class='ocrx_word' id='word_1_595' title='bbox 2210 2500 2269 2524; x_wconf 82' lang='lat' dir='ltr'><strong>rex</strong></span> 
     </span>
     <span class='ocr_line' id='line_1_77' title="bbox 1291 2548 2269 2585; baseline -0.002 0"><span class='ocrx_word' id='word_1_596' title='bbox 1291 2550 1390 2585; x_wconf 85' lang='lat' dir='ltr'><strong>nichil</strong></span> <span class='ocrx_word' id='word_1_597' title='bbox 1406 2550 1454 2585; x_wconf 85' lang='lat' dir='ltr'><strong>eis</strong></span> <span class='ocrx_word' id='word_1_598' title='bbox 1469 2561 1585 2584; x_wconf 89' lang='lat' dir='ltr'><strong>nocere</strong></span> <span class='ocrx_word' id='word_1_599' title='bbox 1606 2548 1723 2584; x_wconf 81' lang='lat' dir='ltr'><strong>valuit.</strong></span> <span class='ocrx_word' id='word_1_600' title='bbox 1743 2548 1824 2583; x_wconf 89' lang='lat' dir='ltr'><strong>bene</strong></span> <span class='ocrx_word' id='word_1_601' title='bbox 1841 2548 2006 2583; x_wconf 80' lang='lat' dir='ltr'><strong>civitatem</strong></span> <span class='ocrx_word' id='word_1_602' title='bbox 2025 2559 2141 2584; x_wconf 80' lang='lat' dir='ltr'><strong>earum</strong></span> <span class='ocrx_word' id='word_1_603' title='bbox 2156 2548 2269 2584; x_wconf 80' lang='lat' dir='ltr'><strong>deren-</strong></span> 
     </span>
     <span class='ocr_line' id='line_1_78' title="bbox 1291 2604 2270 2652; baseline -0.001 -12"><span class='ocrx_word' id='word_1_604' title='bbox 1291 2607 1416 2643; x_wconf 83' lang='lat' dir='ltr'><strong>dentes.</strong></span> <span class='ocrx_word' id='word_1_605' title='bbox 1436 2606 1519 2642; x_wconf 80' lang='lat' dir='ltr'><strong>sieut</strong></span> <span class='ocrx_word' id='word_1_606' title='bbox 1544 2606 1630 2642; x_wconf 75' lang='lat' dir='ltr'><strong>servi</strong></span> <span class='ocrx_word' id='word_1_607' title='bbox 1646 2605 1839 2641; x_wconf 79' lang='lat' dir='ltr'><strong>sanctissimi</strong></span> <span class='ocrx_word' id='word_1_608' title='bbox 1857 2604 1980 2640; x_wconf 85' lang='lat' dir='ltr'><strong>domini</strong></span> <span class='ocrx_word' id='word_1_609' title='bbox 1996 2605 2216 2652; x_wconf 83' lang='lat' dir='ltr'><strong>imperatoris.</strong></span> <span class='ocrx_word' id='word_1_610' title='bbox 2236 2610 2270 2640; x_wconf 87' lang='lat' dir='ltr'><strong>ct</strong></span> 
     </span>
     <span class='ocr_line' id='line_1_79' title="bbox 1293 2661 2269 2709; baseline -0.003 -10"><span class='ocrx_word' id='word_1_611' title='bbox 1293 2664 1369 2699; x_wconf 83' lang='lat' dir='ltr'><strong>licet</strong></span> <span class='ocrx_word' id='word_1_612' title='bbox 1392 2675 1505 2699; x_wconf 90' lang='lat' dir='ltr'><strong>omnes</strong></span> <span class='ocrx_word' id='word_1_613' title='bbox 1530 2675 1581 2698; x_wconf 86' lang='lat' dir='ltr'><strong>res</strong></span> <span class='ocrx_word' id='word_1_614' title='bbox 1606 2674 1681 2697; x_wconf 89' lang='lat' dir='ltr'><strong>suas</strong></span> <span class='ocrx_word' id='word_1_615' title='bbox 1714 2661 1754 2697; x_wconf 85' lang='lat' dir='ltr'><strong>de</strong></span> <span class='ocrx_word' id='word_1_616' title='bbox 1785 2661 1865 2698; x_wconf 80' lang='lat' dir='ltr'><strong>foris</strong></span> <span class='ocrx_word' id='word_1_617' title='bbox 1892 2661 2110 2708; x_wconf 85' lang='lat' dir='ltr'><strong>perdiderint.</strong></span> <span class='ocrx_word' id='word_1_618' title='bbox 2135 2667 2269 2709; x_wconf 85' lang='lat' dir='ltr'><strong>propter</strong></span> 
     </span>
     <span class='ocr_line' id='line_1_80' title="bbox 1293 2718 2269 2766; baseline -0.002 -11"><span class='ocrx_word' id='word_1_619' title='bbox 1293 2720 1354 2755; x_wconf 86' lang='lat' dir='ltr'><strong>hoc</strong></span> <span class='ocrx_word' id='word_1_620' title='bbox 1367 2719 1538 2755; x_wconf 81' lang='lat' dir='ltr'><strong>servitium</strong></span> <span class='ocrx_word' id='word_1_621' title='bbox 1550 2718 1672 2754; x_wconf 85' lang='lat' dir='ltr'><strong>domini</strong></span> <span class='ocrx_word' id='word_1_622' title='bbox 1686 2719 1893 2766; x_wconf 86' lang='lat' dir='ltr'><strong>imperatoris</strong></span> <span class='ocrx_word' id='word_1_623' title='bbox 1905 2731 1970 2754; x_wconf 89' lang='lat' dir='ltr'><strong>non</strong></span> <span class='ocrx_word' id='word_1_624' title='bbox 1983 2718 2191 2754; x_wconf 85' lang='lat' dir='ltr'><strong>dimiserunt.</strong></span> <span class='ocrx_word' id='word_1_625' title='bbox 2207 2729 2269 2753; x_wconf 86' lang='lat' dir='ltr'><strong>nec</strong></span> 
     </span>
     <span class='ocr_line' id='line_1_81' title="bbox 1291 2775 2269 2823; baseline -0.001 -11"><span class='ocrx_word' id='word_1_626' title='bbox 1291 2777 1334 2812; x_wconf 85' lang='lat' dir='ltr'><strong>ab</strong></span> <span class='ocrx_word' id='word_1_627' title='bbox 1347 2777 1419 2812; x_wconf 86' lang='lat' dir='ltr'><strong>eius</strong></span> <span class='ocrx_word' id='word_1_628' title='bbox 1435 2777 1591 2812; x_wconf 82' lang='lat' dir='ltr'><strong>fidelitate</strong></span> <span class='ocrx_word' id='word_1_629' title='bbox 1605 2776 1835 2812; x_wconf 87' lang='lat' dir='ltr'><strong>discesserunt.</strong></span> <span class='ocrx_word' id='word_1_630' title='bbox 1850 2776 1902 2812; x_wconf 88' lang='lat' dir='ltr'><strong>Oh</strong></span> <span class='ocrx_word' id='word_1_631' title='bbox 1917 2776 2003 2811; x_wconf 87' lang='lat' dir='ltr'><strong>hanc</strong></span> <span class='ocrx_word' id='word_1_632' title='bbox 2015 2776 2115 2823; x_wconf 82' lang='lat' dir='ltr'><strong>igitur</strong></span> <span class='ocrx_word' id='word_1_633' title='bbox 2131 2775 2269 2811; x_wconf 83' lang='lat' dir='ltr'><strong>fidelita-</strong></span> 
     </span>
     <span class='ocr_line' id='line_1_82' title="bbox 1293 2833 2268 2881; baseline -0.002 -11"><span class='ocrx_word' id='word_1_634' title='bbox 1293 2841 1358 2871; x_wconf 85' lang='lat' dir='ltr'><strong>tem</strong></span> <span class='ocrx_word' id='word_1_635' title='bbox 1371 2841 1404 2870; x_wconf 83' lang='lat' dir='ltr'><strong>et</strong></span> <span class='ocrx_word' id='word_1_636' title='bbox 1413 2835 1535 2870; x_wconf 90' lang='lat' dir='ltr'><strong>bonum</strong></span> <span class='ocrx_word' id='word_1_637' title='bbox 1549 2834 1734 2870; x_wconf 70' lang='lat' dir='ltr'><strong>servitium.</strong></span> <span class='ocrx_word' id='word_1_638' title='bbox 1742 2839 1894 2881; x_wconf 87' lang='lat' dir='ltr'><strong>precepto</strong></span> <span class='ocrx_word' id='word_1_639' title='bbox 1906 2833 2029 2869; x_wconf 89' lang='lat' dir='ltr'><strong>domini</strong></span> <span class='ocrx_word' id='word_1_640' title='bbox 2043 2834 2268 2880; x_wconf 84' lang='lat' dir='ltr'><strong>imperatoris.</strong></span> 
     </span>
     <span class='ocr_line' id='line_1_83' title="bbox 1292 2890 2271 2938; baseline -0.001 -12"><span class='ocrx_word' id='word_1_641' title='bbox 1292 2892 1439 2927; x_wconf 87' lang='lat' dir='ltr'><strong>dedimus</strong></span> <span class='ocrx_word' id='word_1_642' title='bbox 1451 2892 1498 2927; x_wconf 89' lang='lat' dir='ltr'><strong>eis</strong></span> <span class='ocrx_word' id='word_1_643' title='bbox 1512 2891 1698 2938; x_wconf 79' lang='lat' dir='ltr'><strong>largitatem</strong></span> <span class='ocrx_word' id='word_1_644' title='bbox 1709 2891 1809 2927; x_wconf 79' lang='lat' dir='ltr'><strong>hanc.</strong></span> <span class='ocrx_word' id='word_1_645' title='bbox 1821 2897 1858 2927; x_wconf 91' lang='lat' dir='ltr'><strong>ut</strong></span> <span class='ocrx_word' id='word_1_646' title='bbox 1872 2891 2072 2938; x_wconf 84' lang='lat' dir='ltr'><strong>ubicumque</strong></span> <span class='ocrx_word' id='word_1_647' title='bbox 2082 2890 2144 2938; x_wconf 91' lang='lat' dir='ltr'><strong>ipsi</strong></span> <span class='ocrx_word' id='word_1_648' title='bbox 2154 2890 2271 2926; x_wconf 75' lang='lat' dir='ltr'><strong>volunt</strong></span> 
     </span>
     <span class='ocr_line' id='line_1_84' title="bbox 1292 2948 2271 2997; baseline -0.002 -12"><span class='ocrx_word' id='word_1_649' title='bbox 1292 2950 1326 2985; x_wconf 90' lang='lat' dir='ltr'><strong>in</strong></span> <span class='ocrx_word' id='word_1_650' title='bbox 1343 2954 1412 2985; x_wconf 88' lang='lat' dir='ltr'><strong>tota</strong></span> <span class='ocrx_word' id='word_1_651' title='bbox 1428 2948 1650 2996; x_wconf 82' lang='lat' dir='ltr'><strong>longobardia.</strong></span> <span class='ocrx_word' id='word_1_652' title='bbox 1665 2960 1729 2997; x_wconf 80' lang='lat' dir='ltr'><strong>que</strong></span> <span class='ocrx_word' id='word_1_653' title='bbox 1743 2953 1792 2984; x_wconf 82' lang='lat' dir='ltr'><strong>est</strong></span> <span class='ocrx_word' id='word_1_654' title='bbox 1805 2948 1865 2983; x_wconf 87' lang='lat' dir='ltr'><strong>sub</strong></span> <span class='ocrx_word' id='word_1_655' title='bbox 1878 2953 1988 2983; x_wconf 82' lang='lat' dir='ltr'><strong>nostra</strong></span> <span class='ocrx_word' id='word_1_656' title='bbox 2001 2952 2175 2994; x_wconf 86' lang='lat' dir='ltr'><strong>potestate.</strong></span> <span class='ocrx_word' id='word_1_657' title='bbox 2190 2959 2271 2983; x_wconf 86' lang='lat' dir='ltr'><strong>ven·</strong></span> 
     </span>
     <span class='ocr_line' id='line_1_85' title="bbox 1291 3005 2267 3056; baseline -0.004 -11"><span class='ocrx_word' id='word_1_658' title='bbox 1291 3008 1369 3045; x_wconf 88' lang='lat' dir='ltr'><strong>dere</strong></span> <span class='ocrx_word' id='word_1_659' title='bbox 1385 3006 1444 3044; x_wconf 71' lang='lat' dir='ltr'><strong>velv</strong></span> <span class='ocrx_word' id='word_1_660' title='bbox 1454 3017 1563 3043; x_wconf 83' lang='lat' dir='ltr'><strong>emere</strong></span> <span class='ocrx_word' id='word_1_661' title='bbox 1579 3006 1702 3056; x_wconf 83' lang='lat' dir='ltr'><strong>aliquid</strong></span> <span class='ocrx_word' id='word_1_662' title='bbox 1718 3006 1787 3043; x_wconf 82' lang='lat' dir='ltr'><strong>sine</strong></span> <span class='ocrx_word' id='word_1_663' title='bbox 1804 3005 1993 3054; x_wconf 78' lang='lat' dir='ltr'><strong>plateatico.</strong></span> <span class='ocrx_word' id='word_1_664' title='bbox 2007 3010 2040 3042; x_wconf 80' lang='lat' dir='ltr'><strong>et</strong></span> <span class='ocrx_word' id='word_1_665' title='bbox 2053 3005 2267 3042; x_wconf 77' lang='lat' dir='ltr'><strong>commercio.</strong></span> 
     </span>
    </p>
   </div>
  </div>
 </body>
</html>
