2652 3762
406 326 467 355 Vll!

353 402 571 442 babuerunt
598 395 795 446 Neapolim
822 394 894 434 sub
914 393 1026 445 primi
1046 391 1253 433 Christiani
1281 393 1424 434 sacculi
1451 394 1564 434 linem
1584 396 1634 437 ob
1654 400 1875 448 comparata
1895 398 1968 438 sibi
1989 398 2169 441 Coloniae
2191 401 2325 443 Roma·

351 474 425 504 uae
444 462 528 502 iura
547 468 622 499 non
641 458 767 498 solum
786 457 834 497 ad
853 456 1110 496 omnimodam
1131 453 1333 499 Quiritium
1361 456 1596 507 civilitatem,
1618 460 1688 498 sed
1707 461 1822 499 etiam
1841 460 1890 500 ad
1911 460 2095 510 principis
2121 464 2227 502 urbis
2247 464 2326 503 elo-

351 526 483 576 quium
501 532 590 564 sese
608 521 887 569 conformasse,
908 519 981 558 elsi
1002 518 1139 556 Graiae
1158 516 1312 567 linguae
1339 519 1526 568 studium,
1555 520 1729 568 immo,et
1748 523 2008 563 institutorum
2037 522 2238 563 Graiorum
2265 536 2325 564 ve·

351 586 468 635 stigia
495 582 718 632 aliquandiu
736 582 861 620 adbuc
881 578 995 618 tertio
1014 578 1173 618 saeculo
1193 579 1373 618 nonnulla
1401 582 1632 632 servaverit3
1658 587 1766 623 sexto
1785 587 1913 624 autem
1932 566 2106 634 saeculo,
2126 594 2212 622 cum
2234 583 2325 624 Nea-

351 650 453 701 polis
471 659 494 688 a
515 646 684 687 Ducibus
702 645 774 684 sub
793 642 1239 692 Constantinopolitanae
1266 644 1386 681 Aulae
1413 643 1532 682 tutela
1552 645 1635 694 regi
1663 647 1872 697 coepisset,
1898 647 2076 697 coepisse
2094 646 2208 687 simul
2235 656 2326 687 non-

352 711 449 752 nihil
476 710 524 751 de
543 707 697 759 graecis
717 703 1011 755 Byzantinorum
1031 704 1204 742 moribus
1223 703 1406 752 adspergi
1427 703 1647 745 Latinorum
1666 709 1853 758 moribus,
1874 710 2012 757 quibus
2032 710 2175 749 iamdiu
2194 719 2327 750 assuc-

352 776 476 822 vcrat,
496 767 723 820 praesertim
743 775 830 804 cum
858 764 974 803 etiam
994 765 1043 803 ab
1063 765 1130 803 illo
1157 767 1331 812 tempore
1352 763 1486 803 Graeci
1507 765 1731 814 frequentes
1750 770 1825 807 huc
1852 771 2095 811 vectitarent.
2116 772 2165 810 At
2182 770 2330 821 opinio-

351 843 454 882 nem,
474 843 497 871 a
516 841 591 879 qua
617 827 761 867 laudati
789 825 937 865 duoviri
963 828 1168 875 steterunt,
1197 824 1457 864 Martorcllius
1476 825 1533 877 (l)
1551 827 1652 866 binis
1671 828 1797 877 iisque
1816 829 2068 878 longiusculis
2088 831 2328 872 dissertatio-

350 894 465 933 nibus
492 888 668 939 elcvuvit‚
698 886 969 936 contenditque
997 885 1204 936 posteriori
1223 894 1316 924 aevo
1336 896 1358 924 a
1377 885 1533 926 Tiberio
1560 887 1736 937 Augusto
1751 899 1821 938 pcr
1839 890 2147 938 octingentorum
2165 892 2246 932 lere
2265 903 2328 932 an-

348 962 486 995 norum
507 961 663 991 cursum
690 960 773 990 rem
802 948 1091 998 Neapolitanam
1112 948 1258 987 Graece
1276 958 1320 987 se
1340 949 1514 997 gessisse
1532 960 1578 989 ac
1597 951 1846 1000 perdurasse,
1868 951 1995 991 allatis
2013 952 2328 1003 inscriptionibus

348 1018 433 1055 tum
458 1013 634 1065 privatis,
662 1016 745 1052 tum
772 1011 927 1062 publica
954 1009 1186 1050 auctoritate
1214 1009 1367 1060 positis,
1388 1020 1549 1059 quarum
1577 1020 1706 1051 sermo
1733 1011 1903 1051 Graecus
1928 1012 2012 1051 eius
2031 1014 2243 1054 sententiae
2270 1018 2330 1056 ro·

348 1078 424 1118 bur
451 1080 491 1118 et
508 1076 622 1116 iidem
651 1075 896 1116 conciliabat.
926 1072 1023 1113 Iluic
1050 1073 1164 1122 plane
1191 1072 1372 1122 scriptori
1401 1072 1580 1111 Pelliccia
1601 1073 1657 1123 (2)
1677 1073 1820 1123 aliique
1848 1083 1923 1114 non
1941 1073 2136 1114 inferioris
2155 1075 2331 1116 subsellii

349 1142 422 1183 viri
437 1139 661 1192 adstipulati
680 1142 782 1180 sunt.
800 1137 971 1187 Quisque
989 1146 1080 1176 vero
1100 1147 1175 1176 non
1194 1137 1319 1185 magis
1335 1139 1391 1175 tot
1406 1136 1602 1175 hominum
1618 1136 1933 1176 doctissimorum
1953 1137 2199 1187 auctoritate,
2216 1147 2330 1187 quam

350 1207 546 1249 rationum
571 1204 776 1246 momentis
795 1202 868 1243 sibi
888 1201 1138 1252 persuadebit
1156 1210 1246 1240 vcro
1266 1200 1431 1239 similius
1451 1209 1539 1240 esse
1558 1200 1662 1249 quod
1682 1199 1942 1240 Martorellius
1967 1200 2189 1250 autumavit,
2211 1200 2326 1240 modo

350 1269 530 1311 consulat
556 1278 656 1318 quac
683 1266 846 1307 Michael
874 1265 1014 1305 Baffius
1042 1264 1146 1304 Artis
1175 1263 1452 1313 Diplomaticae
1483 1264 1717 1303 Antecessor
1733 1263 1782 1302 de
1805 1263 1880 1302 hoc
1899 1265 2125 1312 argumento
2154 1261 2328 1302 enuclea-

347 1332 402 1372 vit
420 1332 457 1371 in
477 1340 597 1381 opere
615 1329 689 1380 (3),
709 1339 786 1379 quo
807 1328 1097 1378 Neapolitanum
1124 1326 1328 1365 Areliivum
1358 1325 1628 1365 illustrandum
1657 1325 1844 1376 suscepit.
1875 1325 1930 1364 lbi
1958 1325 2059 1365 enim
2081 1325 2130 1364 ab
2148 1327 2326 1374 auctore,

350 1394 415 1444 qui
444 1403 532 1434 sese
560 1393 609 1432 ab
635 1391 896 1432 adolescentia
924 1389 1086 1430 contulit
1104 1389 1151 1427 ad
1174 1389 1451 1438 perscrutanda
1481 1392 1611 1427 vetera
1640 1392 1900 1437 monumenta,
1927 1391 1966 1426 et
1985 1388 2022 1426 in
2041 1387 2239 1433 laborioso
2257 1387 2332 1426 boc

348 1457 451 1496 vitae
469 1464 613 1506 genere
631 1453 847 1502 consenuit,
868 1451 1131 1491 animadversa
1149 1451 1196 1489 de
1214 1449 1464 1499 Neapolitano
1485 1449 1706 1488 Graecismo
1726 1448 1916 1498 permulta
1935 1447 2143 1487 scitissime
2158 1446 2328 1495 ruerunt,

349 1522 390 1559 et
407 1528 501 1569 prae
520 1516 681 1567 reliquis
701 1514 810 1564 illud,
829 1514 978 1554 scilicet
1005 1523 1166 1563 graecas
1186 1513 1506 1562 subscriptiones,
1527 1523 1627 1561 quae
1648 1512 1685 1551 in
1705 1512 1835 1551 latinis
1855 1509 1996 1551 nostris
2011 1510 2158 1550 saeculi
2175 1509 2206 1548 X
2224 1513 2264 1548 et
2282 1509 2333 1548 Xl

348 1579 586 1619 membranis
613 1581 849 1626 occurrunt,
878 1576 1004 1625 palam
1033 1575 1211 1614 omnibus
1238 1574 1366 1613 lacere
1395 1573 1564 1614 Graecos
1593 1573 1768 1614 homines
1786 1602 1797 1623 ,
1825 1584 1848 1614 a
1877 1573 2018 1622 quibus
2046 1575 2226 1611 exaratae
2252 1571 2334 1611 lue-

348 1644 454 1690 runt,
485 1650 560 1680 non
590 1639 816 1690 Byzantinos
845 1636 1004 1686 Neapoli
1032 1637 1232 1685 degentes,
1263 1636 1332 1674 sed
1352 1635 1456 1674 cives
1476 1634 1749 1684 Neapolitanos
1777 1634 1912 1683 luisse,
1942 1643 2013 1672 nec
2032 1632 2127 1671 illud
2155 1632 2329 1682 obstare,

349 1703 454 1751 quod
481 1701 664 1742 Marinius
683 1702 755 1752 (4),
785 1704 824 1740 et
852 1699 1064 1749 Savignyus
1084 1698 1140 1748 (5)
1169 1698 1371 1737 edixerunt
1389 1698 1437 1737 de
1456 1698 1608 1747 graecis
1628 1697 1978 1747 subscriptionibus
1998 1695 2239 1744 quorundam
2264 1694 2333 1734 lta-

348 1762 568 1801 vennatium
594 1765 943 1810 monumentorum,
962 1769 1029 1798 eas
1054 1769 1189 1808 nempe
1219 1759 1376 1798 Graccis
1405 1768 1479 1797 nou
1511 1759 1806 1807 flammatibus,
1836 1758 1906 1796 sed
1934 1756 2150 1795 Ravennam
2177 1755 2335 1794 aliunde

348 1822 536 1872 proiectis
563 1831 651 1861 esse
666 1820 911 1870 tribuendas;
930 1830 1018 1858 nam
1033 1820 1136 1868 qnod
1154 1819 1353 1858 Ravennae
1373 1819 1514 1858 latinae
1533 1818 1694 1867 originis
1713 1818 1800 1857 urbi
1815 1817 2006 1866 convenit,
2035 1825 2110 1856 non
2138 1816 2229 1855 item
2245 1825 2334 1855 con-

349 1885 454 1925 venit
480 1884 655 1935 Neapoli,
676 1894 775 1933 quae
802 1883 882 1923 suis
901 1893 924 1922 a
951 1882 1174 1932 primordiis
1194 1881 1340 1920 Graeca
1358 1881 1445 1933 tuit,
1465 1885 1505 1922 et
1522 1882 1572 1922 ab
1590 1881 1775 1922 institutis
1795 1880 2030 1921 Graecorum
2055 1878 2200 1929 serius,
2220 1887 2336 1927 quam

350 1945 526 1995 reliquae
545 1946 662 1986 urbes
690 1945 859 1994 ltalicae,
880 1944 930 1983 ad
956 1944 1074 1983 latina
1102 1941 1382 1991 commigravit.

1273 2198 1404 2253 IV.

462 2409 676 2459 Utcumque
705 2410 832 2448 autem
860 2407 978 2448 libeat
1005 2405 1093 2446 aliis
1121 2406 1388 2455 quaestionem
1416 2405 1465 2445 de
1493 2404 1734 2455 Neapolitani
1761 2405 1985 2447 Hellenismi
2019 2406 2165 2448 vicibus
2201 2407 2337 2450 diiudi-

355 2483 461 2524 care,
491 2472 664 2512 eiusdem
692 2471 848 2521 generis
875 2470 1052 2520 quaestio
1082 2469 1209 2518 quoad
1237 2468 1517 2509 llellenismum
1538 2467 1699 2518 Magnae
1719 2468 1904 2509 Graeciae
1923 2472 2029 2509 certe
2047 2469 2201 2519 quidem
2219 2471 2339 2511 babet

354 2544 432 2585 quo
459 2533 612 2574 facilius
641 2536 679 2573 et
706 2532 884 2572 stabilius
912 2530 1131 2571 deliniatur.
1163 2529 1240 2570 Nos
1268 2529 1371 2569 haud
1398 2530 1493 2569 latet
1520 2529 1814 2570 Assemannium
1838 2529 1895 2581 (6)
1923 2529 1971 2570 de
1999 2528 2199 2572 Calabriae
2224 2531 2338 2572 Grac-

435 2702 483 2743 (l)
506 2702 597 2734 Thac.
622 2700 756 2739 catam„
778 2700 835 2733 lib.
858 2699 903 2733 11.
925 2707 999 2741 cap.
1026 2700 1058 2731 V.
1079 2702 1173 2740 parte
1196 2700 1239 2732 Ν
1257 2702 1287 2731 et
1313 2699 1342 2729 V.

436 2756 483 2796 (2)
505 2755 681 2788 latiluzioni
702 2753 946 2795 Diplomaticlte,
968 2761 1047 2794 paq.
1069 2753 1124 2786 u.

437 2806 484 2847 (3)
507 2805 734 2838 Ordinamcmo
755 2805 807 2837 det
831 2804 957 2836 Grande
979 2803 1124 2836 Archivto
1147 2804 1357 2844 Napotetano,
1378 2810 1459 2844 paq.
1481 2801 1522 2834 57
1544 2808 1566 2833 a
1587 2800 1640 2832 67.

437 2857 486 2898 (t)
507 2856 622 2897 Papiri
639 2855 842 2898 diplomatici
861 2862 942 2896 pay.
964 2854 1039 2893 233,
1062 2863 1095 2887 u.
1120 2855 1174 2888 47.

435 2907 482 2948 (5)
503 2907 611 2940 storia
633 2907 686 2939 del
707 2907 808 2939 Drino
829 2907 975 2939 Βοηιαηο
996 2907 1050 2939 nel
1071 2906 1176 2938 Medio
1198 2907 1278 2946 Evo,
1295 2908 1318 2941 t.
1336 2906 1365 2945 Ι,
1389 2904 1407 2946 §
1431 2904 1480 2940 vl.
1501 2903 1559 2937 Det
1579 2900 1722 2936 dominio
1742 2899 1797 2934 dei
1819 2899 1910 2933 Greci
1930 2898 1966 2932 in
1987 2898 2098 2939 Italia,
2118 2906 2198 2940 paq.
2220 2897 2296 2932 226.

439 2959 487 3001 (θ)
509 2960 553 2993 Dc
573 2960 676 2994 neom
697 2958 929 3001 Neapolitanis,
952 2961 976 2994 t.
997 2958 1050 2994 1v.
1067 2967 1150 3000 paq.
1173 2958 1225 2994 91.

2643 674 2650 764 i

2644 818 2650 857 ἒ

2646 874 2650 904 ἴ
