2560 3646
1200 395 1399 431 -581—

286 463 412 497 Cormido
433 459 579 506 (Rogerius
600 468 628 496 et
647 463 702 497 Leo
723 464 767 506 de)
788 467 819 497 tt.
847 463 915 495 142.

287 513 403 546 Cormus
425 524 451 547 ν.
478 514 548 546 185.

287 564 455 597 Comarrum
476 574 504 596 n.
529 565 548 598 l.
573 566 600 597 in
621 564 749 597 Calabria
771 564 842 595 309.

288 616 404 648 Corneto
425 616 492 657 (Leo
513 617 557 657 de)
579 616 734 648 vicecomes
755 618 776 645 t.
802 614 854 651 71,
876 613 928 650 81,
955 612 1024 649 101,
1051 610 1121 648 134,
1150 608 1216 641 136.

289 666 438 700 Cornisano
459 668 526 708 (Leo
547 668 592 708 de)
614 667 688 699 filins
708 665 858 706 Moleganni
882 663 951 696 143.
970 663 1003 695 V.
1034 662 1155 694 Dardano
1184 661 1275 700 (Nico-

330 720 392 752 laus
405 721 461 762 de).

292 771 429 804 Cornutus
451 770 552 803 Consta
574 780 600 804 v.
624 769 697 801 559.

292 822 374 856 Corte
394 821 540 864 (Castolius
560 822 605 862 de)
626 828 765 862 possessor
785 819 886 861 praedii
907 818 980 850 229.

289 891 332 898 —-
353 874 478 914 (loannes
498 872 545 913 de)
564 871 708 912 Strategus
730 870 836 902 olettae
858 869 918 901 196
935 893 943 907 ,
967 867 1028 900 214
1045 892 1053 906 ,
1078 864 1276 898 sis—vitalis

331 924 392 954 eius
412 922 484 953 iilius
503 925 527 954 t.
550 921 623 959 252,
647 920 720 958 273,
745 920 817 957 274,
841 919 914 951 275.

292 976 405 1007 Cortese
427 971 613 1015 (Angrullinae
632 973 677 1014 de)
697 972 836 1015 praedium
858 973 884 1003 in
905 980 971 1012 agro
993 969 1117 1002 Crotonis
1138 968 1210 1000 400.

295 1027 415 1058 Cortioae
436 1027 507 1058 iilius
525 1026 630 1057 Ciritza'
648 1029 669 1057 t.
692 1025 744 1057 42.

292 1079 440 1111 Coi-ticonis
462 1078 587 1120 (loannes
607 1079 651 1119 de)
674 1077 747 1110 331.

293 1130 426 1172 Rapa-lua,
448 1131 562 1169 enaim,
583 1129 656 1167 356,
678 1128 752 1161 487.

292 1181 383 1213 Certis
403 1181 511 1214 Comes.
536 1181 570 1211 V.
594 1179 702 1212 Comes.

294 1231 428 1263 Corvisori
449 1231 588 1271 (Nicotaus
609 1230 680 1261 iilius
701 1228 876 1268 Constantini)
898 1228 1050 1259 vicecomes
1074 1225 1143 1257 134.

296 1282 445 1314 coschinus
465 1281 589 1311 Andreas
609 1283 637 1311 et
657 1279 702 1311 alii
724 1289 765 1311 vv.
792 1278 860 1310 183.

294 1330 454 1362 Cosentinus
476 1329 613 1370 Philippus
627 1329 838 1360 Archidiaeonus
859 1331 887 1359 et
908 1327 1058 1358 Canonicns
1071 1327 1184 1362 ‚ltlorrae
1206 1325 1277 1356 319.

294 1379 393 1411 Cosma
413 1379 457 1420 (S.
479 1379 580 1411 uariae
600 1380 645 1419 de)
668 1379 791 1411 Ecclesia
811 1378 882 1410 307.

294 1431 415 1463 Coemas'
430 1431 577 1463 monachus
597 1435 625 1462 et
645 1431 868 1472 Arehiepiseopus
890 1430 1068 1462 Rossanensis
1092 1430 1161 1460 141.

294 1500 335 1505 -
356 1482 505 1513 monachus
527 1486 554 1513 et
576 1481 749 1522 praepositus
770 1481 803 1513 S.
827 1481 928 1512 Leontii
951 1481 1003 1513 57.

297 1531 477 1573 Cospillingus
499 1540 574 1563 mons
596 1533 622 1562 in
643 1541 709 1572 agro
732 1532 825 1563 Nohae
849 1532 899 1563 75.

297 1581 465 1614 Costarellus
486 1581 563 1614 filiun
578 1582 708 1613 Pancalli.
734 1582 767 1613 V.
792 1581 945 1613 Pancallus.

299 1632 417 1664 Cetarae
438 1633 552 1665 filiorum
576 1633 685 1674 praedia
706 1634 732 1663 in
753 1641 820 1674 agro
842 1633 949 1664 Briatici
971 1633 1044 1664 447.

296 1684 398 1716 Cotrus
418 1685 533 1715 loannes
554 1684 625 1715 filius
647 1683 735 1716 Galati
757 1687 777 1715 t.
805 1684 875 1715 142.

297 1733 377 1765 Cotta
396 1734 527 1766 martinus
548 1733 620 1765 291.

298 1783 469 1817 Cottol'redus
490 1785 573 1817 iudex
594 1784 689 1817 Nullae
709 1789 730 1816 t.
755 1785 828 1817 395.

301 1834 469 1878 Cotnopodus
491 1835 627 1870 Arcadius
648 1839 669 1867 t.
693 1835 765 1867 299.

301 1886 402 1918 Comi
424 1886 525 1918 Consta
544 1887 657 1928 eiusque
670 1886 741 1918 lilius
757 1885 855 1918 Petrus
876 1886 975 1919 donant
989 1885 1129 1927 praedium
1150 1889 1282 1917 monaste-

342 1939 392 1969 riis
411 1937 443 1977 S.
467 1938 574 1970 loannis
593 1938 627 1981 de
648 1936 800 1974 Cuculoet
820 1936 852 1969 S.
877 1935 1008 1977 Stephani
1031 1936 1102 1967 337.

299 1988 427 2020 Coxarns
448 1988 573 2019 Basilius.
599 1987 631 2018 V.
655 1987 707 2019 Zoe
729 1980 783 2018 ntia
803 1987 920 2018 defuncti
941 1986 1057 2017 Arsenii.

303 2038 455 2081 Kovpm'm,
475 2039 589 2074 eortina,
613 2038 684 2069 436.

303 2088 461 2120 Rumina
475 2091 503 2120 et
517 2086 704 2125 Κοιπτὲλλα,
720 2087 827 2125 cotella,
840 2088 940 2125 tunica,
950 2088 1023 2126 375,
1039 2087 1111 2125 435,
1125 2087 1196 2125 531,
1214 2087 1284 2119 532.

305 2139 431 2181 Craparis
454 2139 511 2171 Odo
533 2143 554 2170 t.
580 2138 653 2176 223,
678 2139 749 2170 265.

308 2190 455 2231 Crapatuni
476 2189 592 2221 liliorum
613 2190 722 2230 praedia
744 2190 769 2219 in
791 2198 856 2230 agro
878 2189 943 2229 Styli
965 2190 1037 2221 556.

305 2242 412 2273 Crathis
435 2241 522 2278 vallis,
545 2240 655 2282 Γράτοὺ
675 2239 796 2280 βαθεῖα,
825 2240 893 2272 139.

305 2292 529 2323 Crebattadornm
550 2290 686 2331 praedium
708 2291 734 2321 in
756 2299 822 2332 agro
844 2290 927 2322 Aetae
949 2292 1021 2329 441,
1045 2292 1116 2323 451.

308 2340 522 2382 Κρεμαστσίλην
543 2338 665 2380 σιδηροῦν
686 2340 747 2370 325
764 2365 771 2378 ,
795 2341 835 2371 vel
858 2340 1013 2382 καμάστρα
1049 2341 1109 2372 542
1127 2366 1134 2380 ,
1165 2342 1234 2372 idem
1257 2351 1288 2373 ac

349 2390 533 2432 κρεμαστῆρι,
548 2390 619 2431 quod
641 2390 668 2420 in
688 2399 787 2431 graeca
807 2390 898 2431 lingua
914 2392 1054 2422 vernacula
1069 2392 1175 2422 deuelat
1196 2392 1220 2422 id
1236 2402 1288 2432 quo

348 2440 448 2482 aliquid
469 2439 651 2481 suspenditur,
675 2448 691 2470 a
711 2449 809 2480 graeco
830 2440 1005 2480 κρεμάννυμι,
1023 2446 1049 2472 et
1070 2442 1181 2472 tortasse
1203 2442 1288 2472 ferrea

347 2496 441 2523 catena
462 2492 498 2523 ad
518 2491 598 2523 ollam
619 2492 813 2523 sustinendam.
850 2493 853 2495 ’

308 2542 466 2574 Cremastus
487 2542 530 2583 (S.
552 2542 662 2582 Petrus)
683 2542 755 2573 374.

309 2592 449 2635 Κρημνός.
474 2594 507 2625 V.
532 2594 635 2635 Rupes.

311 2646 470 2687 Crepatzuni
491 2646 564 2677 rivus
585 2646 613 2677 in
634 2644 761 2677 Calabria
785 2646 854 2678 146.

310 2698 404 2736 Criati,
429 2695 557 2739 κριοίτοι,
580 2706 605 2727 ιι.
633 2697 652 2728 Ι.
678 2697 749 2735 170,
774 2698 844 2729 171.

312 2750 402 2780 Criato
422 2749 592 2788 (Theodorus
613 2749 658 2790 de)
679 2758 819 2791 possessor
840 2750 941 2791 praedii
965 2751 1036 2789 170,
1059 2755 1085 2783 et
1106 2751 1160 2783 Leo
1184 2752 1254 2783 171.

313 2798 431 2830 Criclum
452 2808 480 2829 n.
505 2798 525 2830 l.
549 2800 576 2830 in
596 2807 663 2841 agro
683 2799 840 2831 Seminarae
861 2800 932 2831 494.

312 2850 424 2882 Crinaro
446 2849 512 2891 (Leo
533 2850 577 2891 de)
601 2850 670 2883 131.
695 2850 728 2882 V.
754 2850 855 2882 Patello
877 2852 1014 2892 (Nicotaus
1035 2853 1091 2892 de).

315 2902 454 2943 Crispinus
474 2902 606 2935 Antonius
628 2903 711 2935 iudex
732 2903 763 2936 S.
777 2903 869 2934 Menae
884 2903 956 2941 468,
981 2903 1198 2935 tos-loannes
1219 2903 1292 2942 467,

314 3005 453 3046 Crispinus
463 3004 613 3040 Guilelmus
623 3006 704 3040 donat
713 3005 851 3048 praedium
863 3005 998 3038 S.Mariae
1008 3005 1216 3047 deCyr-Zosimo
1221 3005 1290 3039 203.

1315 460 1425 502 Crispus
1446 462 1560 493 loannes
1581 465 1601 494 t.
1628 461 1678 493 72.

1315 511 1422 542 Critene
1443 512 1552 551 (Petrus
1572 512 1617 553 de)
1638 517 1659 544 t.
1683 512 1735 545 65.

1316 562 1423 594 Criton-‘t
1446 563 1573 603 (Basilius
1593 564 1639 604 de)
1660 563 1742 596 iudex
1765 564 1835 598 ut.

1317 614 1398 646 Critis
1419 614 1562 655 imperialis
1584 613 1683 647 Petrus
1705 618 1726 646 t.
1751 615 1804 647 29.

1316 665 1408 695 Crizns
1429 674 1456 696 ιι.
1482 664 1501 696 Ι.
1529 664 1598 695 161.

1317 714 1443 746 Cromida
1464 714 1592 746 Nicolaus
1613 719 1634 746 t.
1661 715 1730 747 129.

1318 765 1458 798 Cromidae
1479 767 1537 797 l'ons
1561 765 1631 797 127.

1318 816 1478 857 Crommyda
1500 816 1629 856 (Basilius
1641 816 1685 856 de)
1701 815 1843 848 loricatus
1853 820 1880 849 et
1893 818 1996 858 primus
2009 820 2207 860 mandatorum,
2223 833 2301 864 rpen-

1358 866 1557 907 τομανδάτωρ,
1580 867 1723 909 imperialis
1744 868 1881 899 exercitus
1902 869 1991 899 vendit
2005 869 2114 902 Nicolao
2134 872 2167 903 de
2192 871 2224 906 S.
2247 872 2301 905 Ca-

1361 920 1468 951 tharina
1487 919 1595 951 domum
1616 919 1642 950 in
1664 919 1769 951 civitate
1790 919 1863 950 Barii
1884 919 1997 960 positam
2018 920 2071 957 27.

1320 970 1461 1011 Cropanae
1483 970 1594 1010 praedia
1614 969 1643 1000 in
1664 977 1733 1011 agro
1753 968 1971 1009 Scyllaei-409.

1319 1021 1435 1063 Cropani
1458 1031 1485 1052 n.
1510 1022 1528 1053 l.
1552 1021 1579 1052 in
1600 1029 1667 1062 agro
1688 1020 1809 1061 Scyllacii
1830 1019 1908 1051 406.

1320 1072 1414 1109 Croto,
1439 1069 1566 1111 Κρότων,
1591 1071 1647 1102 ital.
1673 1070 1800 1108 Crotone,
1825 1069 1968 1102 Calabriae
1990 1072 2126 1112 oppidum.

1405 1124 1473 1155 Eius
1489 1122 1650 1164 ›Catap-nus
1671 1122 1783 1154 Michael
1804 1122 1877 1154 208.
2025 1114 2028 1117 ¹

1404 1173 1574 1205 Castellanus
1595 1173 1694 1204 Petrus
1715 1173 1787 1205 313.

1404 1224 1565 1255 Donationes
1587 1224 1672 1254 laetae
1694 1225 1720 1255 in
1740 1232 1806 1264 agro
1822 1224 1943 1256 eiusdem
1958 1223 2031 1262 206,
2047 1224 2120 1263 207,
2137 1225 2210 1264 209,
2228 1225 2304 1264 210,

1365 1275 1438 1312 312,
1462 1274 1535 1312 332,
1558 1273 1630 1305 372.

1407 1325 1577 1366 Episcopium
1598 1324 1672 1362 207,
1696 1324 1767 1356 312.

1408 1378 1558 1419 Episcopus
1580 1376 1720 1418 Philippus
1742 1376 1814 1414 208,
1840 1376 1912 1415 210,
1937 1377 2009 1409 211.

1409 1427 1542 1468 llospitale
1564 1426 1636 1458 401.

1408 1479 1526 1510 ludices:
1552 1477 1683 1509 Manduca
1705 1477 1813 1508 Marcus
1835 1476 1908 1514 402,
1932 1476 2086 1518 Stephanus
2106 1478 2178 1510 402.

1406 1530 1501 1560 Mentio
1522 1528 1592 1559 389.

1408 1580 1538 1610 Locorum
1561 1579 1678 1609 nomina:
1704 1578 1811 1609 Armira
1832 1577 1905 1615 206,
1920 1577 1993 1616 209,
2010 1577 2130 1620 Campus
2144 1579 2218 1619 207,
2234 1581 2309 1619 210,

1369 1631 1488 1672 Campus
1508 1631 1542 1662 de
1564 1631 1671 1662 Armira
1692 1630 1754 1661 209
1769 1655 1777 1668 ,
1806 1630 1925 1671 Campus
1946 1630 2006 1662 Rivi
2026 1631 2088 1662 Mali
2109 1631 2172 1664 210
2185 1658 2192 1671 ,
2218 1632 2311 1677 Cipul-

1368 1682 1423 1712 lum
1445 1682 1516 1718 335,
1540 1681 1574 1712 ad
1596 1681 1737 1712 Dominum
1752 1681 1878 1712 Amatam
1893 1682 1965 1718 4-01,
1982 1681 2067 1712 Fossa
2080 1682 2222 1714 Molendini
2235 1683 2310 1723 208,

1369 1731 1443 1770 209,
1467 1731 1550 1763 lsaris
1573 1731 1645 1769 312,
1669 1731 1785 1772 Lampisi
1807 1731 1880 1769 400,
1905 1731 2070 1762 Pantanitzia
2091 1731 2164 1770 206,
2185 1733 2216 1764 S.
2241 1734 2313 1766 Pan-

1371 1783 1487 1813 telemon
1509 1782 1535 1813 in
1557 1781 1691 1814 suburbio
1713 1780 1838 1813 Crotonis
1859 1782 1932 1820 401,
1949 1781 2033 1814 Rivus
2047 1782 2164 1824 Lampisi
2177 1778 2312 1822 400,'·fli.

1372 1842 1422 1866 vus
1443 1832 1530 1864 Malus
1552 1831 1624 1870 206,
1650 1831 1723 1869 207,
1747 1831 1821 1870 209,
1845 1831 1919 1870 210,
1943 1831 2027 1864 Rivus
2048 1832 2132 1864 Vetus
2153 1832 2215 1865 206
2228 1858 2237 1873 ,
2259 1834 2311 1866 Ve-

1368 1894 1402 1917 na
1424 1885 1458 1917 de
1480 1885 1589 1916 Armira
1610 1884 1684 1922 207,
1709 1883 1783 1922 209,
1806 1883 1879 1915 211.

1411 1937 1601 1968 Monasterinm
1623 1935 1654 1966 S.
1680 1935 1842 1967 Constantini
1864 1935 2008 1975 Asylorum
2031 1936 2101 1968 140.

1411 1989 1515 2021 Notarii
1531 1993 1559 2020 et
1572 1988 1722 2021 Tabularii:
1739 1988 1875 2019 Beluchus
1890 1988 2003 2019 Ioannes
2018 1987 2091 2026 313,
2109 1988 2223 2022 Constas
2240 1991 2312 2029 114,

1371 2040 1555 2071 Mencnlamns
1578 2038 1730 2069 Matthaeus
1751 2038 1826 2076 402,
1850 2038 2015 2080 Peregrinus
2036 2039 2109 2078 372,
2134 2040 2215 2079 384,
2240 2041 2318 2074 ΡΙιοι

1371 2095 1415 2121 tus
1437 2089 1511 2127 207,
1535 2088 1711 2130 Theophorus
1733 2088 1804 2119 336.

1413 2142 1537 2173 Praedia:
1561 2140 1640 2171 Amni
1663 2140 1735 2177 210,
1760 2139 1872 2170 Beluohi
1894 2139 1964 2175 312,
1989 2140 2086 2172 Binetti
2110 2142 2183 2179 401,
2206 2142 2315 2175 Cattobi

1372 2193 1442 2230 335,
1468 2191 1595 2223 Cimenae
1605 2191 1677 2228 206,
1694 2190 1815 2221 Cimiuae
1830 2189 1903 2227 208,
1920 2190 1993 2228 209,
2010 2190 2083 2229 210,
2101 2191 2222 2225 Columbi
2238 2193 2312 2232 209,

1372 2244 1406 2274 de
1427 2241 1539 2273 Cortese
1561 2242 1634 2279 400,
1659 2239 1775 2271 Caeciae
1795 2240 1870 2277 400,
1893 2240 1967 2278 401,
1990 2239 2132 2272 Curhulini
2148 2241 2221 2280 206,
2238 2243 2312 2281 207,

1352 2292 1445 2329 5209,
1469 2291 1542 2328 210,
1569 2291 1700 2331 Episcopii
1721 2289 1794 2327 207,
1819 2289 1892 2327 312,
1917 2289 2033 2321 Enniees
2046 2290 2116 2327 372,
2134 2291 2225 2323 Fasuli
2239 2293 2314 2332 372,

1372 2343 1537 2376 Gambarelli
1559 2342 1632 2380 207,
1656 2342 1729 2379 208,
1753 2341 1827 2383 Ligri
1848 2341 1921 2378 400,
1938 2341 2081 2373 Marcellini
2103 2343 2176 2380 207,
2193 2343 2224 2376 S.
2242 2345 2313 2376 Mar-

1372 2395 1423 2426 tini
1446 2395 1479 2425 de
1501 2393 1628 2434 llospitali
1648 2392 1720 2430 401,
1743 2392 1889 2424 hlarturani
1911 2392 1973 2424 210
1988 2417 1995 2430 ,
2018 2392 2130 2424 Matzuci
2152 2393 2209 2425 401
2226 2420 2234 2432 ,
2258 2396 2313 2426 Mo-

1372 2447 1480 2478 nasterii
1496 2446 1526 2476 S.
1545 2445 1671 2486 Stephani
1693 2443 1766 2482 206,
1790 2443 1863 2481 207,
1877 2435 1951 2480 209,
1968 2444 2042 2482 210,
2059 2444 2130 2482 312,
2148 2445 2218 2483 332,
2237 2446 2308 2481 372,

1373 2498 1497 2529 Muritani
1509 2495 1582 2532 207,
1599 2494 1629 2526 S.
1647 2494 1749 2526 Nieolai
1769 2493 1802 2524 de
1817 2493 1921 2534 Cipullo
1935 2494 2007 2531 312,
2024 2493 2096 2532 332,
2114 2494 2223 2527 Babdae
2238 2495 2311 2534 207,

1374 2550 1454 2581 llnssi
1477 2549 1550 2586 401,
1572 2547 1688 2578 Scalioni
1709 2546 1784 2583 20),
1806 2546 1943 2586 Strongilli
1965 2546 2036 2578 208.

1417 2599 1624 2632 Permutationis
1646 2599 1854 2630 instrumentum
1875 2598 1946 2629 400.

1416 2653 1593 2694 Protopapae:
1616 2650 1721 2683 Asnaus
1741 2650 1814 2687 210,
1837 2649 1910 2687 211,
1934 2649 2124 2691 Theophiletus
2146 2651 2217 2684 208.

1415 2703 1532 2735 Torrens
1550 2702 1640 2734 Venae
1662 2702 1696 2733 de
1716 2700 1823 2731 Armira
1843 2699 1916 2737 208,
1940 2699 2013 2738 209,
2036 2699 2108 2731 211.

1334 2753 1423 2786 Cruoe
1443 2752 1570 2793 (Cultura
1590 2751 1646 2793 de),
1662 2751 1713 2781 τοῦ
1733 2748 1875 2791 σταυρίου,
1891 2750 1918 2780 in
1933 2758 2000 2791 agro
2014 2750 2138 2781 Badnlati
2153 2751 2225 2790 464,
2242 2754 2314 2786 462.

1335 2803 1423 2836 Cruee
1444 2803 1509 2843 (Leo
1529 2802 1573 2844 de)
1595 2805 1616 2834 t.
1641 2801 1714 2833 389.

1335 2873 1375 2878 -
1398 2853 1509 2892 (Consta
1529 2853 1563 2884 de
1585 2850 1630 2893 S.)
1652 2856 1672 2882 t.
1701 2851 1769 2882 136.

1335 2904 1458 2936 Crudum
1481 2911 1509 2933 n.
1534 2902 1553 2933 l.
1580 2902 1604 2933 in
1626 2910 1691 2943 agro
1713 2900 1815 2932 Cataeii
1835 2901 1907 2932 476.

1336 2954 1529 2996 Crupollianita
1551 2953 1643 2984 Simeo
1664 2952 1808 2993 strategus
1827 2951 1945 2983 Satriani
1967 2952 2094 2987 diiudicat
2114 2951 2186 2984 litem
2207 2952 2242 2984 de
2263 2954 2322 2985 lini-

1376 3006 1430 3038 bus
1450 3005 1623 3047 praediorum
1645 3003 1799 3036 monasterii
1818 3002 1848 3035 S.
1873 3002 2002 3044 Stephani
2023 3003 2056 3035 de
2077 3003 2195 3035 Nemore
2216 3003 2290 3037 367.
