2560 3646
1223 387 1424 423 -617-

324 451 459 492 Samiam
479 454 594 488 loannes
614 458 735 491 notarius
756 459 883 501 magister
903 462 992 490 teme
1013 457 1096 489 uiae
1115 454 1189 493 434,
1212 456 1284 489 486.

324 505 469 541 Samnatiei
491 517 520 542 n.
545 509 565 543 l.
589 511 616 543 in
637 519 705 553 agro
726 511 810 543 Aetas
831 511 902 543 516.

323 557 443 593 Samona
463 560 572 603 (nonis
592 563 636 604 de)
657 563 754 595 domus
775 564 802 594 in
821 559 933 594 civitate·
946 560 1081 603 Callipolis
1103 561 1175 593 515.

322 627 365 637 -
385 611 550 656 Peregrinus
560 616 680 648 notarius
691 614 865 657 Scyllacensis
880 612 953 653 407,
969 612 1043 652 410,
1056 612 1128 651 414,
1141 613 1214 652 474,
1230 613 1303 651 475,

323 711 456 756 Samparo
476 715 643 756 (Alexander
663 713 750 756 deit.
776 714 845 746 106.

322 762 447 804 Σάγιιιν,
470 765 578 804 culcita,
602 765 652 798 80.

322 814 422 848 Sancto
443 816 522 848 Flore
541 816 609 856 (Leo
629 816 675 858 de)
696 826 721 849 v.
745 816 796 854 85,
821 815 873 848 86.

322 867 483 898 Sanctorum
504 867 630 899 Omnium
654 868 845 898 monasterium
868 866 938 898 147.

321 917 438 949 Sanetus
458 917 600 948 Nimnder.
627 918 659 948 V.
684 918 826 949 Nicander.
865 950 868 954 ,

320 969 436 1000 Sanduri
457 969 556 1001 llumen
577 970 603 1000 in
626 978 693 1009 agro
714 970 838 1017 Troiana
852 969 901 1001 19.

321 1019 495 1062 Sangilianus
516 1021 665 1054 Gulielmus
686 1025 707 1051 t.
735 1021 804 1053 128.

318 1072 407 1105 Sanso
429 1073 562 1115 {legerius
584 1078 606 1106 t.
630 1073 699 1105 334.

319 1124 490 1157 Santamaria
511 1125 671 1166 (Gulielmus
691 1125 736 1166 de)
756 1127 779 1156 t.
806 1125 881 1157 117.

317 1177 490 1210 Sautanellus
510 1178 615 1210 Gioffus
635 1185 776 1219 possessor
796 1177 893 1208 domus
913 1176 940 1208 in
955 1177 1059 1209 civitate
1075 1176 1216 1209 Nicoterae
1231 1176 1302 1208 338.

318 1229 435 1260 Saraeae
456 1229 501 1260 filii
523 1239 563 1259 vv.
588 1229 662 1260 297.

319 1277 468 1322 Σᾶρακάρι
489 1279 562 1316 253,
586 1279 626 1309 vel
648 1276 816 1320 eepoexofflrdv
837 1277 909 1315 428,
932 1277 973 1309 vel
993 1276 1213 1319 τεσσαράκοντα
1228 1278 1301 1316 511,

357 1337 405 1370 pro
426 1327 593 1370 σαραντάρι,
615 1328 778 1370 quadragies
800 1328 945 1359 missarum
965 1337 1013 1370 pro
1034 1327 1180 1360 defunctis.

317 1377 456 1410 Saraceni.
481 1378 514 1409 V.
538 1379 666 1419 Agareui.

316 1430 469 1463 saracenus
489 1430 636 1462 Landollus
655 1439 795 1473 possessor
816 1431 916 1473 praedii
938 1431 965 1463 iu
985 1440 1052 1474 agro
1073 1430 1184 1464 Olettae
1209 1431 1279 1464 136.

316 1498 357 1504 —
378 1480 511 1522 Rogerius
531 1485 553 1512 t.
577 1481 650 1513 327.

313 1532 474 1564 Saraeianus
496 1533 641 1564 Rieeardus
662 1542 799 1575 possessor
818 1534 919 1576 praedii
940 1534 968 1566 in
988 1542 1056 1576 agro
1076 1534 1187 1567 Roueae
1209 1535 1280 1567 180.

315 1582 405 1615 Sarasi
428 1583 565 1626 Philippus
586 1594 612 1616 v.
636 1584 709 1616 297.

314 1635 489 1678 Saragandus
511 1636 672 1676 Pelegrinus
692 1636 763 1668 lilius
786 1637 892 1669 loannis
913 1646 1052 1679 possessor
1073 1638 1173 1679 praedii
1197 1638 1222 1668 in
1237 1646 1303 1679 agro

357 1686 497 1717 Nicoterae
519 1686 592 1724 319,
617 1686 688 1718 350.

313 1738 464 1779 Saragaudi
486 1738 592 1769 loannis
614 1738 754 1779 praedium
775 1738 801 1770 in
821 1747 889 1780 agro
910 1739 1052 1771 Nicoterae
1076 1739 1148 1777 210,
1172 1739 1244 1772 2ὀ8.

312 1789 476 1821 Sarcialinus
497 1789 610 1821 Tzoeala
632 1789 745 1822 loannes
767 1794 788 1822 t.
815 1790 886 1823 123.

313 1840 419 1872 Sardus
439 1840 511 1873 silius
533 1839 692 1881 chrysanthi
700 1840 794 1873 31.V.
805 1841 1116 1874 monasteriumS.Petri
1139 1844 1299 1885 ImperialiS.

313 1909 355 1914 -
377 1889 571 1930 Chrysanthus,
596 1890 676 1922 Falco
696 1894 723 1921 et
744 1890 845 1922 Bonus.
871 1892 905 1923 V.
929 1892 1126 1932 Chrysanthus.

313 1942 487 1973 Sarmentum
509 1943 610 1974 flumen
632 1943 659 1973 in
681 1951 746 1984 agro
768 1943 862 1975 Noliae
882 1945 923 1975 25
936 1971 943 1983 ,
968 1946 1026 1976 115
1040 1969 1047 1982 ,
1073 1946 1130 1977 187
1147 1970 1154 1983 ,
1179 1947 1218 1978 vel
1239 1946 1300 1978 Sal-

355 1994 485 2025 miantum
508 1993 559 2024 96.

314 2044 398 2076 Sasso
420 2044 491 2076 lilius
513 2043 663 2075 Caloleonis
683 2044 783 2076 liberat
804 2047 997 2078 monasterium
1017 2047 1050 2078 S.
1073 2048 1176 2080 Nicolai
1198 2047 1230 2080 de
1244 2050 1301 2081 Mo·

356 2096 443 2137 nopoli
465 2105 480 2127 a
502 2096 560 2127 iure
580 2095 651 2137 quod
674 2097 700 2127 iu
721 2097 810 2137 ipsum
832 2096 952 2128 habebat
974 2098 1025 2131 53.

314 2166 355 2171 -
377 2146 551 2178 Cassanensis
573 2147 712 2188 episeopus
734 2150 762 2178 et
784 2146 874 2188 Papae
895 2147 1009 2179 vicarius
1029 2148 1081 2180 86.

315 2218 354 2222 —-
376 2199 445 2238 (0110
468 2199 513 2234 de)
535 2199 584 2229 83.

315 2253 414 2282 sassus
437 2251 550 2282 loannes
571 2253 592 2281 t.
617 2249 688 2281 282.

315 2304 414 2334 Sasuni
435 2303 561 2333 Nicolaus
584 2301 665 2333 iudex
686 2301 807 2341 Scyllacii
827 2306 849 2333 t.
873 2302 947 2340 407,
973 2303 1044 2340 -110,
1069 2305 1141 2341 411,
1165 2306 1235 2338 114.

314 2356 430 2386 Satriani
451 2354 568 2395 Strategi
590 2353 716 2386 Nicolaus
737 2353 872 2386 calabros
891 2355 962 2393 382,
987 2359 1013 2386 et
1033 2356 1124 2388 Simeo
1147 2357 1297 2399 Crupollia-

355 2409 409 2439 uita
431 2407 504 2438 367.

313 2459 439 2490 satriano
460 2457 558 2497 (Ursus
578 2455 620 2495 de)
644 2454 714 2488 122.
739 2455 773 2488 V.
795 2455 900 2497 Bulsini
921 2456 1028 2489 Comes.

314 2509 458 2540 Satrianus
478 2507 667 2539 Constantinus
688 2515 828 2549 possessor
847 2508 948 2549 praedii
969 2508 995 2539 in
1006 2517 1072 2550 agro
1086 2508 1209 2542 Badulati
1224 2511 1293 2544 381.

314 2579 355 2583 —
377 2559 512 2592 Rnbertus
534 2563 562 2590 et
581 2560 679 2591 fratres
701 2563 854 2601 permutant
873 2560 1014 2602 praedium
1045 2570 1108 2593 eum
1139 2566 1298 2597 monasterio

354 2612 386 2643 S.
410 2610 509 2642 Mariae
531 2610 564 2641 de
588 2610 714 2642 Pertusia
735 2609 806 2642 213.

312 2681 352 2686 -
374 2661 530 2693 Theodorus
551 2665 725 2702 cognomento
745 2661 779 2692 de
800 2661 912 2693 Domina
936 2662 1074 2704 Eupraxia
1096 2666 1184 2697 rendit
1206 2667 1296 2701 loanni

352 2713 384 2743 de
406 2711 528 2742 Messana
550 2712 706 2742 medietates
727 2711 913 2744 nonnullorum
934 2714 1106 2755 praediorum
1127 2715 1197 2749 380.

311 2763 410 2794 Scaditi
433 2762 504 2794 Petri
527 2762 664 2803 praedium
686 2763 712 2794 in
733 2771 801 2804 agro
822 2763 906 2795 Aetas
928 2764 1000 2796 441.

310 2814 447 2846 Scaiullus
468 2814 594 2845 Nicotaus
617 2818 636 2845 t.
661 2813 732 2846 238.

310 2865 390 2897 Scala
411 2873 439 2896 n.
465 2865 482 2896 l.
508 2866 533 2895 in
555 2873 621 2906 agro
642 2865 762 2906 Scyllacii
784 2866 856 2898 409.

308 2917 453 2948 Scaldatus
474 2915 623 2948 Gulielmus
644 2921 665 2948 t.
688 2916 762 2955 329,
785 2917 856 2949 334.

1347 458 1509 490 Sealitorum
1524 459 1566 498 (δ’.
1580 459 1675 499 Maria)
1686 461 1741 492 sive
1753 461 1862 502 Apraxe
1873 461 2065 493 monasterium
2077 460 2106 492 in
2117 457 2243 491 Calabria
2260 457 2332 490 140.

1348 508 1497 540 Scallionus
1518 510 1655 541 Robertus
1675 511 1756 542 donat
1777 512 1912 552 praedium
1946 511 2106 544 monasterio
2136 510 2168 544 S.
2202 509 2334 553 Stephani

1390 559 1569 591 Eremitarum
1592 560 1663 591 213.

1348 627 1389 631 —
1410 609 1443 640 de
1465 611 1570 644 notario
1592 610 1710 643 {tobei-to
1731 615 1754 643 t.
1778 612 1849 644 475.

1348 659 1506 692 Smltzatitzi
1529 662 1604 692 vinea
1625 662 1652 693 in
1673 671 1739 703 agro
1761 662 1870 694 Tarenti
1892 664 1942 695 66.

1348 710 1580 744 Scamnaconibus
1602 712 1711 753 (Petrus
1731 716 1757 744 et
1780 712 1968 755 Chry-saphius·
1983 715 2028 755 de)
2050 718 2082 746 tt.
2103 714 2180 746 -278,

1348 762 1474 795 Scaneeri
1497 763 1609 795 Renaldi
1630 765 1705 796 vinea
1727 765 1754 795 in
1775 773 1841 807 agro
1862 764 1987 806 Scyllacii·
2006 766 2079 798 412.

1348 813 1519 846 Scaudalaris
1540 814 1638 846 Petrus
1659 818 1681 846 t.
1706 815 1777 846 261.

1332 860 1481 897 ‘Scandalo
1503 866 1705 906 (Constantinus
1725 866 1770 906 de)
1793 871 1813 897 t.
1839 868 1889 899 31.

1348 915 1539 957 Seannapeeus
1561 917 1676 947 loannes
1697 917 1767 949 330.

1333 972 1336 975 ’
1350 966 1536 1009 Seannavulpa
1559 969 1631 1000 558.

1348 1016 1496 1049 Scantzaua
1518 1019 1560 1056 (S.
1586 1020 1670 1051 Maria
1690 1020 1737 1061 de)
1758 1021 1785 1051 in
1805 1020 1916 1062 planitie
1938 1019 2087 1061 Polyeliorii
2111 1020 2178 1051 126.

1347 1069 1550 1112 Scaramangus
1571 1071 1700 1104 Nieolaus
1721 1081 1862 1114 possessor
1880 1072 1971 1104 vineae
1993 1071 2065 1104 428.

1347 1120 1543 1163 Searpalerena
1566 1121 1644 1154 lrene
1667 1133 1691 1155 v.
1716 1124 1787 1155 560.

1349 1174 1450 1212 >tuffam
1470 1171 1505 1203 τὸ
1526 1171 1595 1215 ὅρος,
1618 1174 1755 1207 descendit
1776 1185 1825 1218 per
1846 1180 1976 1215 montem,
2003 1176 2072 1208 152.

1348 1225 1513 1267 Σιελλίζω,
1538 1235 1630 1268 vergo,
1655 1227 1705 1258 50.

1347 1278 1466 1316 Σκῆνες,
1488 1287 1600 1320 corpus,
1623 1278 1675 1310 97.

1346 1328 1491 1371 Scepastus
1513 1329 1641 1360 Nicolaus
1662 1340 1689 1361 v.
1715 1331 1785 1362 184.

1345 1379 1466 1423 Seepesti
1486 1381 1596 1423 praedia
1617 1381 1643 1412 iu
1664 1390 1732 1423 agro
1753 1381 1874 1423 Scyllacii
1898 1382 1968 1414 409.

1347 1431 1525 1474 Σκιυοφῦλαξ
1546 1432 1598 1466 90.
1654 1430 1656 1434 ,

1346 1482 1479 1516 Selieeuni
1500 1495 1529 1516 n.
1554 1486 1573 1517 Ι.
1597 1485 1624 1517 in
1645 1484 1773 1517 Calabria
1794 1485 1866 1517 428.

1347 1535 1458 1572 Σχῆμα
1479 1533 1649 1575 ἄγγελικόν,
1672 1537 1752 1568 vestis
1775 1537 1930 1575 monastica,
1957 1537 2009 1569 93.

1347 1583 1469 1615 Scholari
1491 1585 1624 1625 (Andreas
1644 1587 1689 1628 de)
1701 1588 1790 1619 vendit
1804 1587 1896 1619 loanni
1911 1592 1938 1619 et
1953 1588 2071 1630 Philippo
2087 1589 2242 1622 Calodibole
2259 1599 2337 1633 prae-

1386 1637 1457 1669 dium
1479 1639 1505 1669 in
1527 1647 1595 1680 agro
1617 1639 1756 1681 Tropaeae
1778 1639 1851 1672 236.

1346 1686 1424 1719 Scido
1446 1689 1488 1729 (S.
1514 1688 1664 1721 Phantinus
1684 1690 1729 1731 de)
1751 1691 1801 1722 81.

1347 1738 1464 1770 Scilliani
1486 1740 1618 1772 Gualterii
1632 1745 1659 1772 et
1674 1740 1836 1782 Margaritae
1851 1741 1977 1774 Ballisiae
1992 1742 2101 1775 tabulae
2116 1745 2249 1785 nuptiales
2263 1745 2336 1777 435.

1344 1807 1387 1813 —-
1407 1791 1546 1831 praedium
1568 1791 1596 1822 in
1616 1800 1683 1833 agro
1705 1790 1807 1824 Catacii
1828 1793 1900 1824 477.

1345 1842 1461 1874 Scimina
1482 1843 1611 1876 Nicolaus
1632 1849 1652 1876 t.
1679 1844 1747 1877 163.

1345 1894 1415 1926 Scini
1437 1896 1510 1927 collis
1537 1897 1606 1928 122.

1344 1945 1443 1976 Seittus
1465 1947 1592 1979 Nicotaus
1615 1958 1640 1980 v.
1666 1949 1738 1980 559,

1344 1998 1472 2039 Sclapena
1494 2001 1571 2031 Anna
1593 2002 1690 2043 aliique
1713 2002 1831 2034 vendunt
1854 2003 1937 2035 Paulo
1960 2004 2081 2036 Fitzurro
2106 2007 2159 2037 duo
2174 2007 2283 2047 praedia
2306 2007 2333 2038 in

1383 2060 1451 2092 agro
1472 2052 1557 2083 Asiae
1580 2053 1651 2086 453.

1343 2103 1430 2144 Sclapi
1451 2103 1566 2135 filiorum
1587 2105 1725 2146 praedium
1748 2107 1774 2136 in
1796 2115 1862 2147 agro
1885 2107 1970 2139 Afilae
1992 2108 2062 2140 441.

1343 2154 1515 2195 Sclavopetro
1536 2155 1681 2196 (Rogerius
1703 2157 1748 2196 de)
1768 2159 1888 2190 notarius
1912 2158 1982 2197 152,
2012 2161 2078 2191 153.

1343 2205 1456 2238 sclavus
1477 2207 1575 2237 Consta
1599 2218 1623 2238 v.
1648 2208 1719 2239 558.

1342 2276 1383 2280 —
1405 2258 1519 2289 loannes
1541 2262 1560 2289 t.
1585 2259 1656 2289 231.

1342 2327 1382 2332 —
1405 2309 1532 2340 Nicolaus
1554 2320 1580 2341 v.
1606 2310 1677 2342 299.

1341 2361 1502 2392 Sclibandus
1523 2361 1640 2394 Basilius
1663 2367 1684 2394 t.
1697 2358 1781 2395 ⁴20¹.

1340 2429 1383 2435 —
1405 2412 1541 2444 liebertus
1562 2414 1683 2445 notarius
1703 2413 1775 2446 278.

1341 2464 1444 2496 Scolari
1466 2465 1591 2504 (Basilius
1613 2465 1656 2506 de)
1679 2477 1703 2499 v.
1727 2467 1779 2498 77.

1341 2513 1452 2545 Scolarii
1475 2515 1550 2545 vinea
1572 2516 1598 2547 in
1618 2524 1685 2557 agro
1707 2516 1829 2556 scyllatii
1853 2518 1924 2550 552.

1340 2565 1477 2597 Scolnrius
1498 2567 1612 2599 loannes
1633 2578 1657 2598 v.
1684 2568 1753 2600 183.
1769 2568 1935 2602 —Basilius
1957 2574 1983 2602 et
2005 2571 2120 2605 loannes
2142 2573 2213 2607 381.

1340 2617 1459 2649 Scordus
1480 2617 1567 2650 Illules
1587 2615 1660 2650 ⁴233.

1340 2669 1420 2701 Seoto
1441 2669 1551 2710 (Petrus
1571 2670 1615 2711 de)
1636 2674 1663 2702 et
1685 2671 1762 2703 Irene
1783 2682 1823 2703 vv.
1852 2674 1902 2704 77.

1339 2720 1457 2752 Scottius
1477 2720 1596 2762 Angelus
1617 2722 1760 2759 Antonius,
1784 2724 1897 2764 praefat.
1920 2734 1947 2766 p.
1974 2724 2076 2758 xxm.

1339 2771 1460 2803 Scrihilzi
1482 2772 1632 2814 (Philippus
1654 2773 1699 2814 de)
1721 2773 1772 2806 60.
1798 2775 1831 2807 V.
1854 2775 1957 2808 Domna
1979 2777 2058 2809 vidua
2081 2778 2198 2812 loannis.

1338 2823 1452 2855 Sci-ibus
1474 2823 1601 2855 Nicolaus
1624 2827 1643 2855 t.
1672 2823 1742 2862 165,
1769 2825 1838 2857 167.

1340 2873 1551 2916 Σκουλαρῖιιιον,
1577 2875 1690 2913 inauris,
1716 2877 1766 2908 80.

1338 2925 1484 2959 Sculladus
1505 2928 1577 2959 470.

311 2970 455 3002 sealdieris
477 2968 596 3000 Andreas
616 2974 643 3000 et
665 2970 790 3003 Nicotaus
811 2971 911 3004 donant
932 2972 1071 3014 praedium
1085 2976 1247 3008 monasterio
1261 2977 1292 3009 s.
1338 2976 1509 3009 Scullandus.
1534 2978 1630 3011 alentio
1651 2979 1800 3012 donationis
1822 2979 1857 3012 ab
1880 2990 1911 3013 eo
1933 2983 2017 3015 sactae
2044 2986 2206 3019 monasterio
2216 2986 2248 3019 S.
2265 2987 2326 3020 Ste-

351 3020 458 3051 loannis
479 3019 512 3051 de
534 3018 613 3052 Flore
633 3019 703 3051 373.

1379 3028 1457 3069 phani
1482 3029 1532 3060 95.

2029 3097 2076 3131 78
