2560 3646
1214 395 1419 431 -591-

311 471 417 503 Graeca
438 470 554 511 (Nicolai
575 470 621 513 de)
642 473 750 514 praedia
775 473 845 505 137.

312 523 464 557 Grandedio
485 524 541 556 Leo
563 524 637 557 276.
661 525 696 558 V.
722 525 928 567 Eptapocamillo
949 524 1076 563 (Basilius
1096 523 1153 563 dc).

313 574 492 607 Grandem'ni
507 574 644 618 Philippus
654 576 724 608 iilius
739 576 907 607 vicecomitis
921 573 1065 606 Caballarii
1080 572 1203 605 Gulielmi
1217 571 1299 603 donat

359 627 526 658 monasterio
547 626 659 659 Cavensi
679 626 731 658 SS.
750 626 898 663 Trinitatis,
922 627 1032 666 eiusque
1054 624 1227 663 suffraganeo
1241 631 1297 653 mo-

362 679 479 710 uasterio
499 679 618 721 Apostoli
638 679 711 711 Petri
731 679 765 710 de
778 677 944 719 Barychaua,
956 675 1095 719 praedium
1117 675 1143 706 iu
1166 683 1231 715 agro
1248 674 1298 705 Ur-

357 731 408 763 suli
428 730 481 764 99.

318 783 508 816 Grandemanil
529 782 653 816 Gulielmi
673 783 770 814 mentio
794 782 904 814 139-
921 780 989 813 Eius
1011 781 1090 813 vidua
1119 779 1235 811 illabilia.
1261 778 1294 809 V.

356 836 476 868 Mabilin.

315 886 438 918 Grandes
461 886 592 927 Rogerius
612 889 634 918 t.
658 886 731 918 327.

315 938 430 970 Grandis
452 938 575 970 Gulielmi
595 937 649 969 filia
670 938 795 970 Adelasia
815 938 896 969 donat
915 938 1060 979 praedium
1083 935 1244 969 monasterio
1265 934 1294 966 S.

357 988 490 1020 Theodori
512 988 584 1020 388.

318 1040 447 1072 Granitus
468 1039 587 1081 Angelus
607 1039 720 1081 praefat.
744 1048 770 1080 p.
796 1039 854 1070 XV.

316 1091 437 1124 Granulli
459 1091 527 1133 Lupi
548 1090 679 1123 heredum
699 1090 809 1132 praedia
830 1091 857 1121 in
877 1099 945 1132 agro
969 1090 1079 1122 Tarenti
1102 1089 1172 1121 186.

318 1141 412 1174 Grassi
434 1142 536 1173 Nicolai
557 1141 696 1183 praedium
710 1141 736 1172 in
749 1150 816 1181 agro
838 1141 946 1173 Roncae
960 1142 994 1173 dc
1009 1141 1118 1172 Faliuco
1135 1140 1208 1177 500,
1225 1140 1295 1172 501.

317 1193 418 1225 Grasso
438 1193 577 1233 (Nicolaus
597 1193 642 1231 de)
662 1192 782 1223 notarius
803 1192 962 1223 Seminane
981 1191 1053 1229 393,
1077 1191 1148 1223 tot.

317 1243 410 1274 Gratia
432 1243 607 1284 Praepositae
625 1241 678 1274 SS.
702 1242 833 1284 Deiparae
853 1242 1027 1283 Scyllaceusis
1048 1242 1118 1274 106.

319 1294 486 1326 Gratzanites
507 1294 634 1326 Nicotaus
655 1297 676 1325 t.
700 1293 771 1326 268.

318 1343 443 1386 Gregorii
463 1344 595 1384 (Ecclesia
616 1344 663 1386 S.)
683 1345 710 1375 in
731 1353 798 1386 agro
818 1344 963 1376 Francicae
984 1345 1056 1376 263.

323 1413 364 1418 —
385 1395 584 1435 (blonasterium
605 1394 652 1435 S.)
673 1395 869 1437 Thaumaturgi
890 1395 963 1433 400,
987 1396 1058 1427 ⁴08.
1084 1396 1116 1427 V.
1140 1396 1252 1427 monast.

321 1463 362 1468 —
382 1441 442 1485 (S.)
463 1444 617 1477 vicecom
637 1445 765 1478 Nicotaus
786 1445 959 1478 Celentanus-
971 1445 1046 1477 272.

322 1494 471 1535 Gregorius
482 1494 655 1527 Primicerius
670 1496 813 1537 imperialis
825 1496 1058 1538 protospatharius
1068 1497 1094 1529 1.
1107 1497 1139 1529 V.
1157 1496 1298 1538 Catapani.

319 1564 359 1568 —-
381 1546 574 1579 'l‘rachaniotes
593 1547 747 1589 Catapanns
769 1548 801 1584 9,
827 1549 876 1580 10.
903 1548 934 1579 V.
961 1548 1100 1589 Campani.

318 1595 481 1638 Grinsucnus
503 1596 646 1628 Pelliterus
666 1602 687 1630 t.
711 1596 787 1629 320.

318 1646 492 1691 Grinl’ulanus
513 1650 533 1677 t.
559 1646 631 1679 338.

319 1697 397 1728 Grisa
419 1692 589 1738 (Theodorus
609 1698 654 1740 de)
679 1699 747 1730 143.

320 1747 448 1778 miscuas
468 1748 501 1778 de
523 1747 621 1779 Masuri
644 1758 669 1780 v.
694 1749 745 1780 77.

319 1797 438 1828 Gritzoto
459 1797 583 1833 (Cosmus
603 1803 631 1830 et
652 1799 766 1831 loannes
786 1800 830 1840 de)
852 1809 893 1831 vv.
918 1800 989 1832 558.

321 1848 440 1894 Groil'uli
457 1849 564 1881 loannis
584 1851 691 1892 praedia
711 1851 782 1893 apud
804 1851 956 1883 pertusiam
981 1852 1051 1891 122,
1076 1853 1147 1889 214,
1172 1854 1243 1885 227.

321 1899 442 1931 tiroll'ulo
464 1900 507 1940 (S.
530 1901 615 1932 Maria
637 1902 681 1942 de)
704 1903 775 1933 227.

326 1951 445 1983 Grossus
465 1952 604 1993 presbyter
622 1954 701 1986 dehet
717 1956 875 1987 monasterio
890 1956 942 1989 SS.
955 1957 1090 1989 Trinitatis
1100 1965 1216 1988 annuam
1228 1966 1303 1998 prae-

367 2002 509 2034 stationem
533 2004 604 2036 540.
746 2012 748 2014 '

325 2054 444 2086 Grossus
457 2053 548 2085 Ursini
568 2055 640 2087 filius
663 2057 747 2088 rendit
769 2058 923 2098 presbytero
939 2059 1018 2091 Falco
1035 2060 1173 2101 praedium
1195 2061 1221 2091 in
1237 2070 1302 2101 agro

364 2105 459 2137 Nobae
482 2105 552 2137 111.

322 2158 466 2189 Gmdenae
489 2157 581 2189 lrenes
602 2158 742 2199 praedium
764 2160 790 2190 iu
812 2168 877 2201 agro
899 2162 998 2192 Catacii
1023 2163 1093 2194 119.

322 2210 412 2240 Grusa
432 2208 558 2248 (loannes
579 2209 613 2240 de
633 2209 752 2250 domina)
774 2212 895 2242 notarius
915 2212 1008 2244 Aetne.
1034 2213 1065 2244 V.
1084 2214 1159 2245 Aeta.
1187 2215 1252 2246 Eius
1273 2217 1301 2246 li-

364 2260 417 2291 lius
438 2259 659 2293 Bartholomaeus
681 2263 751 2293 413.

323 2310 420 2342 Grutta
441 2319 469 2342 n.
492 2311 513 2342 l.
536 2311 563 2342 in
583 2320 650 2353 agro
671 2314 754 2343 Aetae
775 2313 848 2344 451.

322 2361 496 2394 Guaima'rius
515 2360 640 2393 dontinus
661 2361 826 2403 (circlariw)
850 2364 919 2396 308.

324 2411 510 2444 Gualliardum
531 2421 558 2444 n.
581 2412 601 2444 l.
625 2412 697 2451 307,
721 2413 793 2445 312.

326 2465 483 2497 Gualterius
503 2465 629 2497 dominus
650 2464 818 2505 (Scyllacii‘P)
841 2467 910 2499 aio.

325 2516 450 2548 Guardiis
472 2515 626 2556 (lacobinus
647 2516 691 2558 de)
713 2521 733 2548 t.
759 2518 829 2549 503.

326 2567 445 2600 Gubitzis
466 2566 579 2598 loannes
600 2572 627 2598 et
647 2567 775 2600 Nicolaus
797 2573 828 2600 tt.
854 2570 925 2602 343.

326 2619 452 2652 Gubitzes
473 2619 527 2650 Leo
550 2623 570 2651 t.
595 2619 667 2651 324.

326 2671 415 2704 Gudili
437 2672 541 2703 loannis
563 2671 660 2703 domus
681 2673 708 2703 in
729 2674 834 2704 civitate
856 2674 1010 2707 Seminarae
1032 2676 1102 2708 392.

327 2723 449 2756 Gudione
470 2724 643 2764 (Castellinus
663 2724 709 2766 de)
732 2729 752 2756 t.
777 2726 848 2758 486.

328 2774 415 2806 Guido
436 2773 560 2815 Magister
581 2774 762 2806 Eremitaruni
784 2775 815 2809 S.
839 2776 965 2819 Stephani
990 2779 1061 2810 279.

328 2826 415 2858 Guido
435 2824 545 2858 Roberti
566 2827 647 2859 Ducis
668 2827 739 2861 lilius
761 2830 811 2861 86.

1340 467 1489 499 Gulielmus
1503 466 1696 506 11112x,*22o,
1709 467 1782 506 228,
1794 468 1867 506 230,
1879 468 1952 508 268,
1965 466 2115 506 272275,
2133 465 2205 505 281,
2235 465 2309 497 288.

1339 537 1381 541 -
1402 518 1507 550 Bulcini
1528 518 1625 550 Comes
1648 519 1719 550 122.
1743 520 1776 551 V.
1799 520 1913 552 Bulcini.

1339 588 1380 593 —
1401 570 1435 601 dc
1457 569 1585 611 Gagiauo.
1612 570 1645 601 V.
1669 570 1828 611 flagianum.

1339 639 1381 645 —
1400 621 1539 663 presbyter
1559 622 1680 654 notarius
1701 621 1852 654 Colubrarii
1875 624 1946 662 305,
1970 624 2043 655 320.

1339 692 1380 698 ν-
1401 673 1523 714 Scyllacii
1544 673 1642 705 Comes
1663 673 1736 711 310,
1759 673 1831 712 342,
1855 674 1927 707 522.
1954 676 1986 707 V.
2009 674 2180 717 Scyllacium.

1339 725 1441 763 Gallia,
1466 735 1494 757 n.
1517 726 1536 757 l.
1561 726 1587 757 in
1608 726 1714 757 civitate
1735 724 1848 763 Catacii,
1872 726 1944 757 321.

1339 777 1440 809 Gunari
1462 786 1534 809 uxor
1554 786 1581 809 v.
1605 778 1676 809 559.

1340 828 1460 861 Gunnari
1481 828 1587 860 loamiis
1607 832 1635 860 et
1656 827 1753 860 Leonis
1773 827 1881 870 praedia
1896 828 1921 859 in
1935 837 2000 870 agro
2014 829 2136 869 Scjllacii
2153 830 2224 862 409.
2242 829 2321 862 loan-

1382 880 1422 910 nis
1444 880 1515 912 407.

1340 931 1460 963 Gurasus
1481 931 1615 963 lloberlus
1637 935 1658 963 t.
1684 931 1754 963 121.

1341 981 1473 1022 Gurgilla‚
1497 991 1526 1013 n.
1550 982 1570 1014 l.
1594 983 1620 1013 in
1641 982 1783 1020 Calabria,
1809 981 1878 1014 146.

1341 1033 1473 1065 Gurruses
1497 1044 1521 1065 v.
1549 1034 1618 1065 185.

1341 1084 1499 1116 Gurrusium
1522 1095 1550 1116 n.
1577 1085 1594 1116 l.
1621 1085 1691 1116 531.

1342 1134 1476 1166 Gurtutus
1498 1134 1627 1166 Nicolaus
1651 1136 1720 1167 114.

1341 1187 1440 1219 Gussia
1462 1186 1572 1227 (Petrus
1594 1187 1638 1228 de)
1663 1187 1733 1219 152.

1342 1235 1490 1269 Gustabilis
1510 1236 1624 1268 liliorum
1645 1238 1753 1278 praedia
1774 1246 1855 1279 prope
1877 1237 2027 1270 Pei-tusiam
2051 1237 2123 1275 122,
2146 1237 2217 1269 2¹4.

1342 1289 1414 1321 Guto
1434 1288 1546 1329 (Petrus
1567 1288 1612 1329 de)
1633 1289 1716 1321 iudex
1738 1288 1859 1320 Circlarii
1881 1292 1903 1321 t.
1927 1289 2000 1322 375.

1343 1336 1485 1371 Gut'zulina
1500 1338 1660 1379 (Gulielmus
1675 1339 1720 1380 de)
1734 1338 1857 1371 libertate
1873 1339 1954 1371 donat
1966 1340 2110 1381 quemdam
2124 1339 2258 1373 bominem
2270 1339 2326 1372 ele-

1384 1389 1469 1420 ricum
1492 1389 1562 1420 513.

1344 1439 1455 1476 Γυμνῶν
1479 1438 1623 1476 Κολόνιαι,
1646 1447 1795 1480 pauperum
1816 1439 1992 1477 Coloniae,n.
2007 1439 2026 1471 l.
2041 1440 2067 1470 in
2077 1447 2144 1479 agro
2155 1439 2263 1471 Tarenti
2274 1438 2328 1471 66.

1344 1491 1547 1531 Gyuaccoeastri
1571 1492 1666 1522 mentio
1693 1491 1758 1522 108,

1810 1578 1857 1618 Η

1346 1663 1473 1694 Hadriani
1495 1662 1699 1702 (monasterium
1715 1661 1761 1703 S.)
1775 1664 1802 1693 in
1817 1663 1978 1703 pertinentiis
1999 1662 2109 1695 Rusiani
2130 1663 2259 1696 donatum
2276 1663 2329 1695 Ca-

1388 1714 1460 1745 vensi
1482 1714 1611 1745 coenobio
1633 1723 1650 1744 a
1671 1713 1787 1754 lingerio
1808 1714 1881 1745 Duce
1904 1714 1996 1745 ltaliae
2018 1714 2069 1746 68.

1346 1766 1589 1803 llebdomadarius‚
1616 1764 1785 1807 ἔβδομάριος,
1811 1765 1851 1796 66
1873 1768 1900 1797 et
1921 1765 1995 1797 alibi.

1347 1815 1488 1847 Hebraeus
1510 1815 1735 1857 'l'beopliylactus
1761 1816 1793 1847 V.
1819 1816 2046 1858 Theophylactus.

1346 1868 1446 1900 llelena
1469 1869 1547 1899 vidua
1570 1867 1669 1899 Nicolai
1682 1868 1864 1909 Arcopliagari
1885 1877 1948 1900 cuin
1969 1867 2029 1900 siliis
2045 1869 2132 1901 vendit
2147 1869 2237 1903 Ioanni
2253 1878 2330 1912 prae-

1389 1921 1462 1951 dium
1485 1921 1510 1950 in
1532 1930 1597 1959 agro
1620 1919 1741 1951 Bebalini
1763 1919 1836 1950 342.

1348 1972 1465 2003 Helenae
1487 1971 1543 2011 (S.)
1565 1971 1696 2011 Spelunca
1718 1971 1745 2001 in
1766 1978 1831 2012 agro
1853 1970 1974 2002 Circlarii
1997 1972 2067 2003 191.

1349 2024 1447 2054 llelena
1470 2022 1599 2058 Moniatis,
1624 2022 1656 2052 de
1679 2021 1831 2058 Ancinaria,
1848 2020 1904 2051 Λέα
1926 2021 2038 2061 μοναχὴ
2053 2046 2060 2060 ,
2084 2032 2148 2067 cum
2169 2024 2334 2056 consobrino

1386 2074 1496 2105 Nicolao
1518 2073 1651 2104 Portarita
1673 2073 1753 2103 donat
1775 2072 1901 2103 ecclesiae
1923 2072 1953 2103 S.
1978 2072 2109 2105 Theodori
2123 2078 2149 2105 et
2170 2077 2331 2106 monasterio

1386 2123 1416 2154 S.
1429 2123 1526 2154 lllariae
1541 2123 1574 2153 de
1589 2122 1692 2153 Zosimo
1703 2122 1834 2163 quaedam
1849 2122 1941 2162 predia
1955 2131 2037 2163 supra
2052 2123 2164 2164 Appium
2179 2125 2263 2165 posita
2275 2125 2326 2156 33.

1346 2174 1522 2205 llellenisrnus
1541 2174 1652 2214 praerat.
1677 2182 1703 2214 p.
1731 2173 1761 2204 V.
1787 2176 1814 2203 et
1835 2181 1907 2214 seqq.

1346 2224 1450 2255 ilenrici
1473 2223 1554 2263 Regis
1578 2224 1674 2254 mentio
1697 2222 1769 2254 327.

1346 2277 1475 2307 ilenricus
1497 2276 1697 2307 Neocastrensis
1719 2276 1857 2316 opiscopus
1879 2276 1931 2307 92.

1347 2326 1476 2357 ilenricus
1499 2326 1605 2366 llogcrii
1627 2324 1707 2366 [legis
1723 2326 1791 2356 iilius
1810 2327 1878 2357 150.

1348 2377 1519 2407 llet'balicum
1542 2376 1594 2413 Ἡ,
1618 2376 1758 2418 νόμιστρον
1783 2376 1833 2414 ΞΟ,
1859 2376 2005 2417 αρυκτικὸν
2029 2378 2101 2409 329.

1348 2430 1477 2460 nei-eules
1498 2429 1656 2460 Theodotus
1678 2434 1697 2460 t.
1724 2429 1792 2460 113¹.

1348 2480 1477 2511 llercules
1498 2480 1623 2510 Nicotaus
1646 2484 1666 2511 t.
1683 2479 1755 2512 413.

1348 2530 1527 2561 chamilium
1551 2531 1576 2560 in
1599 2530 1711 2561 Graecia
1733 2529 1792 2561 53⁵.
1815 2535 1841 2561 et
1862 2539 1934 2571 seqq.

1349 2584 1470 2614 meraclo
1494 2582 1659 2622 (Gualterius
1680 2583 1726 2622 de)
1748 2583 1830 2615 iudex
1854 2583 1940 2614 Casiri
1964 2586 2061 2616 veteris
2085 2584 2155 2616 399.

1349 2633 1470 2664 llieracio
1494 2632 1654 2673 (Gulielmus
1675 2633 1719 2672 de)
1744 2632 1816 2664 294.

1350 2685 1473 2715 llieracio
1495 2683 1637 2723 (Mercurio
1658 2684 1702 2723 de)
1726 2684 1852 2715 tribuitur
1873 2686 1986 2716 facultas
1997 2688 2138 2719 extruendi
2149 2688 2330 2721 molendinum

1391 2735 1422 2766 ad
1444 2736 1544 2765 {lumen
1566 2734 1765 2766 Praetoriutum
1788 2735 1858 2773 310,
1883 2735 1954 2767 321.

1350 2788 1470 2818 llieracio
1491 2787 1631 2827 (Nicotaus
1652 2788 1696 2827 de)
1719 2787 1873 2819 Seminarae
1897 2789 1976 2819 iudex
1997 2789 2067 2820 403.

1351 2837 1536 2868 llieracitanus
1556 2836 1641 2868 umus
1662 2844 1689 2869 et
1711 2838 1754 2869 alii
1777 2848 1817 2868 vv.
1843 2838 1916 2875 559,
1941 2838 2011 2871 560.

327 2876 477 2909 Gulielmus
497 2877 510 2908 1
531 2876 591 2911 Rex
611 2880 721 2912 mandat
742 2880 881 2913 iudicibus
904 2881 1044 2913 Calabriae
1074 2891 1106 2914 ne
1129 2883 1248 2916 molestia
1270 2886 1305 2916 at·
1351 2888 1513 2924 liieracium,
1539 2887 1636 2929 Ἰέραξ,
1664 2888 1777 2929 Λόκρη,
1802 2889 1856 2921 ital.
1884 2889 2005 2928 Geraee,
2032 2889 2171 2923 Calabriae
2193 2893 2330 2934 oppidum.

370 2928 460 2960 noiant
479 2931 667 2963 monasterium
680 2931 711 2964 S.
736 2932 864 2974 Stephani
879 2932 911 2963 de
927 2933 1042 2965 Nemore
1057 2934 1129 2973 202,
1145 2940 1173 2967 et
1194 2937 1304 2978 praefat.

370 2990 397 3020 p.
422 2979 651 3014 XXV1.—Eius
664 2984 763 3016 mentio
780 2983 850 3023 196,
877 2984 948 3022 199,
962 2984 1034 3022 201,
1047 2984 1120 3024 212,
1139 2985 1208 3024 213,
1234 2987 1306 3025 211,

371 3030 442 3070 215,
466 3031 538 3070 216,
562 3033 633 3066 219.

1393 2940 1424 2971 V.
1448 2939 1533 2971 Locri.

1434 2990 1567 3021 Diaconus
1589 2991 1711 3032 episcopii
1733 2991 1813 3031 liuius
1835 2992 1946 3024 civitatis
1970 2992 2042 3031 253,
2067 2993 2193 3026 diaconus
2215 2998 2337 3036 protono-

1393 3042 1477 3072 tarius
1499 3040 1688 3074 Constantinus
1712 3042 1783 3073 357.
