2606 3730
1283 350 1459 388 -96-

372 415 513 458 ποιήσει.
538 406 560 458 ἢ
584 410 715 459 κίνησιν.
730 407 763 459 ’ἢ
786 414 937 463 ἀγωγὴν.
968 416 1009 457 ule
1031 413 1074 452 τὸ
1096 414 1251 455 τοιοῦτον
1274 431 1350 464 χω-

370 478 492 521 ραίφιον.
507 471 689 522 ἔμπρῶτης.
703 470 853 523 ὕποίρχην
869 473 968 511 αὑτὸν
978 472 1242 525 κεκατηροιμέιογ.
1258 490 1349 526 παρα

370 529 448 567 θεοῦ
471 530 766 582 παντοκράτωρος.
781 532 850 568 τῶν
872 531 942 576 τινί
965 528 1072 579 ἁγίων
1094 534 1261 582 θεοφόρων
1283 547 1350 569 πα,-

371 591 456 638 τρῶν
479 587 524 626 τὸ
539 590 696 634 ἀνάθεμα·
716 588 780 633 τὴν
797 589 945 638 ἀγκώνην
956 587 1054 629 ‘sowa
1069 591 1133 630 τοῦ
1144 590 1346 642 ’ἴσκαριότοω

369 649 425 683 καὶ
440 651 461 694 ἠ
474 646 557 698 μερὶς
568 645 678 684 αὐτοῦ
688 648 777 691 μετὰ
788 650 856 686 τῶν
868 648 1056 698 κραζόντων
1071 652 1143 701 ἄρον
1158 651 1228 700 ἄρον
1243 665 1349 688 σταυ-

369 719 484 755 ρωσον.
501 705 691 752 ζτμιοῦσθῶ
706 701 738 743 δὲ
754 706 794 747 εἷς
808 707 864 743 τῶ
877 704 931 750 μὲν
947 708 1128 757 ἀγορακότι
1153 711 1232 758 παρ’
1246 706 1349 746 αὐτοῦ

368 762 395 800 ἓν
411 760 520 807 διπλῆ
543 763 730 808 ποσότητα.
756 762 812 800 καὶ
829 766 869 807 εἷς
884 764 927 802 τὸ
942 761 1081 810 &nemoy
1096 765 1278 811 νομιὶτμοιτα
1290 765 1348 808 λς’

367 822 423 859 καὶ
437 818 611 863 εἶθόὗτως
623 818 780 870 στέργειν,
796 821 851 860 καὶ
864 820 1034 870 ἐμμένειν-ἧ
1045 825 1188 869 τοιαῦτη
1198 821 1345 874 πώρωσις·

366 878 475 917 υευαιόι
499 882 553 916 καὶ
579 878 862 930 ἀπαρασοίλεύτος.
894 883 975 933 ἄχρι
999 882 1177 934 τερμαίτων
1211 883 1344 921 dulmi-

365 940 524 977 Ἐνώπιον
548 942 617 978 τῶν
631 938 890 992 παρέυρεθίγτωγ
907 942 1093 991 ἀξιολόγων
1115 944 1245 981 πιστῶν
1267 955 1348 991 μοιρ-

365 1013 488 1047 τυρων.
507 1000 538 1049 †
553 1001 762 1049 πρεσβητερος
777 996 852 1042 λεὀς
865 1014 1007 1050 μαρτυρ.
1026 1001 1056 1050 †
1072 1002 1281 1050 πρεσβυτερος
1305 1015 1348 1035 νι-

365 1063 488 1098 κολαος
512 1053 654 1104 ἀδελφος
678 1058 784 1096 αὐτοῦ
798 1072 938 1109 μαρτυρ.
966 1061 997 1110 †
1020 1062 1207 1108 πρεβητερος
1231 1059 1348 1096 evea-o(-

364 1118 439 1156 ὃιος
460 1129 601 1165 μαρτυρ.
620 1117 651 1166 †
666 1113 738 1154 λεόν
754 1114 819 1152 τοῦ
833 1112 1046 1166 μανδοίτωρος
1061 1131 1201 1166 μαρτυρ.
1219 1118 1251 1166 †
1266 1130 1347 1165 χρυ-

364 1171 443 1213 σίως
467 1173 531 1210 τοῦ
555 1173 734 1223 μελισσοίρη
756 1188 893 1225 μαρτυρ.
919 1176 950 1226 †
964 1176 1133 1217 ποίνκαιλος
1157 1175 1220 1212 »τοῦ
1243 1172 1346 1219 wien-72

361 1243 502 1278 μαρτυρ.
529 1231 559 1280 †
582 1246 683 1267 παπα
707 1246 838 1277 ιωαννης
865 1231 929 1270 τοῦ
957 1236 1063 1278 swam
1085 1246 1226 1282 μαρτυρ.
1254 1233 1284 1281 †
1307 1233 1345 1276 4.-

363 1286 439 1330 Mas
463 1288 608 1338 υαροῦνης
631 1303 771 1341 μαρτυρ-

410 1347 442 1396 †
457 1343 578 1396 γραφὲν
594 1343 648 1384 δια
664 1347 767 1398 χειρὸς
782 1347 936 1386 νικολοίου
948 1350 1162 1399 πρεσβυτερου
1179 1346 1244 1384 τοῦ
1260 1359 1345 1395 σαγ-

362 1402 514 1444 zomon
539 1405 628 1448 ἔτους
652 1408 752 1459 ‘exin'
777 1404 973 1448 ινδικτιῶνος
996 1407 1045 1455 γ’.

440 1484 503 1524 (Ex
515 1485 640 1527 originali
653 1486 814 1518 membrana
828 1485 938 1518 Archivi
951 1485 1218 1527 Neapolitani—n.⁰
1236 1483 1302 1525 13.)

1389 424 1500 456 torum
1522 427 1606 459 octo·
1622 428 1655 460 et
1679 423 1791 460 decem
1809 430 1995 463 sanctorum
2011 429 2145 465 Patrum
2162 429 2314 473 feriatur,
2333 435 2367 466 et

1390 499 1545 547 laqueum
1557 501 1654 538 Iudae
1666 505 2035 554 Iscariotae(sortiatur)‚
2044 510 2238 556 partemque'
2245 509 2367 545 habeat

1389 589 1465 616 cum
1482 579 1546 616 illis
1561 582 1619 630 qui
1636 583 1829 621 clamabant:
1847 584 1954 625 Tolle,
1974 584 2066 626 tolle,
2082 585 2249 632 crucifige;
2263 593 2296 622 et
2314 594 2364 624 te-

1390 664 1505 694 ncatur
1520 660 1646 696 solvere
1663 664 1803 710 emptori
1818 664 1954 712 duplum
1970 664 2173 713 quantitatis,
2186 652 2291 712 ‘alque
2308 667 2364 702 Fi-

1389 751 1444 775 sco
1460 739 1657 777 numismata
1674 753 1733 777 sex
1750 747 1783 778 et
1797 744 1941 790 triginta3
1967 749 2000 779 et
2025 744 2071 780 sie
2094 743 2244 792 deinceps
2269 743 2363 780 firma

1388 821 1421 852 ot
1437 816 1625 852 inconcussa
1637 823 1766 868 maneat
1777 818 1857 854 haec
1869 821 2074 857 confirmatio
2089 832 2193 869 usque
2208 821 2248 856 ad
2265 819 2363 856 tinem

1389 894 1587 929 seculorum.
1613 894 1733 931 coram
1757 895 1892 932 testibus
1915 897 2057 934 honestis
2084 905 2118 935 et
2141 898 2203 934 fide
2227 898 2334 945 dignis
2350 924 2358 939 ‚

1388 973 1446 1021 qni
1462 974 1691 1010 interfuerunt.
1711 974 1741 1023 †
1766 976 1938 1023 Presbyter
1954 978 2039 1012 Lens
2056 979 2155 1015 testis.
2173 978 2204 1028 †
2221 978 2358 1026 Presby-

1388 1061 1440 1091 ter
1456 1055 1610 1092 Nicotaus
1626 1056 1728 1092 frater
1743 1057 1814 1091 eius
1832 1056 1932 1092 testis.
1948 1056 1978 1105 †
1990 1058 2165 1104 Presbyter
2176 1058 2363 1095 Eustathius

1388 1133 1491 1169 testis.
1509 1132 1540 1182 †
1555 1134 1622 1168 Leo
1639 1133 1679 1168 de
1696 1131 1885 1169 Mandatore
1902 1134 2004 1170 testis.
2017 1132 2048 1182 †
2064 1134 2219 1181 Chrysius
2236 1134 2276 1171 de
2293 1136 2364 1172 Me-

1387 1203 1499 1239 lissare
1517 1202 1619 1238 testis.
1635 1201 1666 1250 †
1682 1202 1852 1238 Pancallus
1863 1203 1904 1238 de
1921 1203 2008 1239 Pitza
2027 1204 2127 1239 testis.
2143 1202 2173 1252 †
2189 1204 2364 1251 Presbyter

1387 1270 1521 1307 loannes
1536 1270 1577 1306 de
1594 1270 1719 1306 Thema
1745 1270 1847 1306 testis.
1874 1271 1904 1319 †
1927 1271 2012 1306 Elias
2037 1272 2181 1307 Bai-unes
2207 1272 2310 1307 testis.

1434 1339 1464 1388 †
1488 1340 1655 1387 Scriptum
1672 1351 1771 1374 manu
1787 1339 1913 1376 Nieolai
1930 1341 2113 1388 presbyteri
2129 1340 2285 1382 Sanculli,
2303 1352 2362 1376 an-

1386 1419 1430 1444 no
1454 1407 1561 1447 6618.
1589 1406 1765 1442 indictione
1790 1407 1849 1443 111.

1267 1634 1453 1689 Lxxlv.

965 1761 1074 1802 1112
1089 1761 1271 1803 -nense
1293 1760 1384 1802 nain
1409 1760 1460 1801 13
1474 1784 1524 1791 -
1535 1758 1665 1801 mmet.
1692 1759 1764 1811 (v).

364 1880 448 1917 Ubus
472 1882 510 1916 de
540 1880 736 1915 Clnromonte
760 1879 884 1927 eiusque
907 1880 1023 1926 fratres
1046 1879 1227 1916 Alexander
1243 1887 1269 1915 cl
1288 1879 1461 1914 mecm-dus
1486 1879 1605 1913 ‹loeumae
1628 1878 1815 1913 monasterio
1835 1877 1964 1912 ί-ἀυοηςί
1980 1877 2039 1920 SS.
2067 1878 2240 1919 Trinitatis,
2264 1885 2356 1925 atque

407 1938 544 1972 ecclesiae
562 1938 763 1973 Beatissimae
783 1937 922 1984 Virginis
937 1939 974 1973 dc
995 1935 1196 1984 cyr-zosimo
1211 1936 1345 1984 praedia
1361 1937 1395 1971 in
1413 1947 1488 1983 ayro
1505 1936 1610 1971 Nohac
1622 1936 1739 1983 posita,
1757 1935 1790 1970 in
1807 1934 1874 1969 loco
1894 1941 2072 1981 nuncupato
2089 1936 2312 1970 Bonohominc,

410 2050 563 2097 Sigillum
598 2050 722 2085 sactum
749 2061 768 2084 a
800 2047 894 2083 nobis
925 2049 998 2084 Ubo
1030 2048 1070 2083 de
1103 2048 1310 2084 Claronionte
1331 2074 1340 2087 ,

362 2114 396 2144 et
413 2106 619 2149 Alexandro,
639 2112 672 2142 et
687 2104 846 2143 Riccardo
863 2105 1021 2141 fratribus
1036 2105 1124 2146 eius,
1143 2105 1232 2152 quod
1247 2103 1343 2138 dede-

361 2174 439 2202 runt
456 2167 526 2201 Deo
543 2172 575 2201 ct
592 2165 649 2200 SS.
668 2163 823 2200 Trinitati
838 2163 878 2198 de
895 2164 997 2205 Cava,
1023 2170 1057 2199 et
1081 2163 1116 2198 S.
1134 2162 1262 2209 Virgini
1281 2162 1341 2197 Dei

361 2222 520 2259 Genitrici
537 2221 577 2258 de
594 2221 831 2262 ehirozosim0‚
860 2226 893 2256 et
913 2220 1052 2267 Regenti
1075 2221 1173 2256 Petro
1190 2246 1199 2260 ,
1225 2225 1257 2255 et
1282 2219 1340 2254 tibi

359 2281 430 2315 Sire
448 2280 622 2315 Guilielme
637 2279 843 2316 Gubernator
855 2278 959 2314 dictae
973 2277 1125 2313 ecclesiae
1143 2277 1182 2311 de
1199 2277 1338 2318 Zosimo,

360 2343 393 2372 et
410 2337 552 2372 aliorum
569 2337 721 2377 fratrum,
736 2347 797 2382 pro
809 2335 912 2370 salute
928 2334 1110 2370 animarum
1126 2346 1265 2370 avorum
1281 2346 1340 2369 no-

361 2402 521 2437 strorum,
541 2402 573 2431 et
590 2406 728 2431 avorum
746 2395 811 2430 mei
827 2393 950 2429 domini
965 2393 1046 2435 Ubi,
1066 2400 1099 2429 et
1115 2394 1263 2429 dominae
1281 2393 1340 2429 Gi-

359 2451 521 2492 marchae.
549 2458 581 2487 et
606 2452 707 2499 patris
727 2452 830 2487 nostri
846 2451 1041 2492 Alexandri,
1068 2458 1101 2487 et
1125 2450 1274 2486 dominae
1292 2452 1339 2486 A·

359 2521 496 2549 vennae,
514 2516 547 2544 et
564 2516 726 2550 nostrum,
751 2508 940 2551 ‚dedicamus
964 2509 1129 2543 clausuras
1154 2520 1236 2555 quae
1262 2516 1336 2543 sunt

358 2570 392 2603 in
411 2567 586 2603 tenimento
603 2569 692 2603 Noae
709 2568 743 2602 in
757 2568 828 2602 loeo
842 2568 928 2602 dicto
940 2567 1176 2608 Bonohominc,
1196 2580 1337 2612 quarum

358 2626 513 2661 circuitus
530 2625 583 2660 hic
601 2632 666 2661 est:
693 2638 711 2661 a
737 2626 842 2673 capite
858 2626 978 2660 canalis
990 2652 998 2666 ‚
1017 2626 1076 2673 qui
1091 2625 1212 2660 dicitur
1229 2627 1337 2660 Lube-

356 2690 481 2722 tranus,
501 2689 533 2717 et
549 2682 638 2718 vadit
654 2682 695 2717 ad
708 2688 806 2729 caput
817 2682 857 2716 de
870 2682 982 2718 canale
999 2682 1085 2717 dicto
1099 2681 1332 2727 Bonohominc,

358 2749 390 2775 et
408 2741 495 2776 vadit
513 2740 552 2776 ail
570 2752 683 2776 cruces
696 2752 777 2787 quas
790 2740 925 2776 fecimus
936 2752 1008 2781 nos,
1024 2747 1056 2776 et
1073 2741 1156 2776 sicut
1171 2741 1334 2776 descendit

358 2798 478 2833 canalis
493 2812 511 2833 a
528 2798 748 2834 Bonoliomine
765 2798 806 2833 ad
823 2799 944 2839 locum,
963 2799 1021 2834 ubi
1037 2799 1156 2835 (licitur
1172 2800 1331 2847 Capillus,

356 2862 389 2890 et
406 2855 494 2890 vadit
510 2856 549 2890 ad
565 2857 685 2891 numen
702 2856 917 2892 Salmiantnm
929 2882 938 2898 ,
965 2861 998 2892 et
1015 2856 1179 2893 descendit
1196 2870 1255 2905 per
1272 2858 1334 2893 ssu-

356 2925 430 2949 men
449 2914 649 2960 praedictum
673 2927 778 2964 usque
802 2914 843 2950 ad
859 2914 1006 2950 canalem
1022 2915 1058 2950 S.
1078 2915 1218 2957 loannis,
1239 2922 1271 2952 ct
1288 2917 1333 2951 sie

355 2971 531 3007 clausimus
547 2971 712 3008 clausuras
733 2984 775 3008 ex
792 2979 903 3008 nostra
920 2979 1096 3019 spontanea
1113 2973 1283 3009 voluntate
1299 2979 1332 3009 et

1386 2045 1526 2092 simplici
1541 2044 1651 2081 corde.
1678 2047 1718 2081 Et
1744 2046 1770 2081 si
1795 2046 1907 2093 aliquo
1932 2051 2078 2093 tempore
2102 2047 2282 2094 poeniteret
2297 2048 2355 2085 ati-

1386 2116 1504 2152 quem,
1531 2109 1564 2139 et
1589 2105 1696 2139 facere
1720 2104 1820 2139 vellet
1845 2104 1931 2139 ultra
1956 2115 2108 2150 praesens
2133 2104 2288 2151 sigillum,
2314 2108 2355 2143 sit

1385 2163 1674 2198 anathematizatus
1689 2174 1707 2197 a
1722 2163 1793 2197 Deo
1809 2164 1917 2202 Patre,
1936 2169 1969 2197 et
1986 2162 2083 2204 Filio,
2101 2169 2134 2199 et
2150 2165 2269 2200 Sancto
2284 2166 2357 2212 Spi-

1384 2222 1450 2257 ritu
1463 2248 1472 2262 ,
1492 2224 1525 2255 et
1541 2233 1604 2256 non
1621 2221 1765 2257 inveniat
1782 2221 2038 2256 misericordiam
2058 2228 2266 2268 peccatorum
2283 2235 2357 2259 suo-

1383 2291 1472 2319 rum,
1498 2285 1531 2314 et
1556 2279 1670 2314 habeat
1687 2279 1945 2314 maledictionem
1962 2285 2182 2315 trecentorum
2197 2281 2309 2318 decem
2325 2289 2357 2318 et

1383 2344 1458 2372 octo
1475 2342 1662 2371 sanctorum
1679 2342 1824 2382 patrum,
1845 2343 1877 2371 et
1894 2337 2009 2371 lrabeat
2022 2343 2171 2371 catenam
2187 2338 2298 2374 Iudae.
2317 2339 2358 2373 Et

1382 2394 1416 2429 in
1433 2394 1494 2429 hoc
1513 2394 1680 2440 posuimus
1696 2405 1848 2439 praesens
1865 2394 2008 2439 sigillum
2026 2405 2067 2428 ex
2087 2393 2199 2428 ordine
2218 2396 2359 2430 Osmun-

1381 2451 1413 2486 di
1431 2451 1604 2486 inunitoris
1621 2457 1653 2485 et
1670 2451 1812 2485 custodis
1824 2450 1965 2485 civitatis
1979 2452 2066 2486 Noae
2081 2452 2262 2497 praesentis
2279 2459 2359 2487 tein-

1381 2508 1469 2555 poris
1485 2534 1493 2546 .
1520 2507 1609 2554 quod
1634 2507 1747 2541 datum
1774 2507 1834 2542 suit
1860 2507 1952 2542 vobis
1968 2508 2000 2542 in
2019 2508 2198 2554 prat-sentia
2215 2509 2358 2543 subscri-

1380 2573 1512 2613 ptorum
1530 2567 1662 2601 testium
1681 2566 1740 2600 tide
1757 2567 1953 2612 dignorum,
1980 2566 2032 2601 die
2060 2567 2099 2602 13
2121 2569 2237 2602 mensis
2255 2568 2330 2602 maii
2349 2596 2355 2606 ,

1378 2636 1464 2659 anno
1481 2624 1587 2664 6620,
1603 2624 1776 2659 indictione
1795 2626 1850 2659 lv.

1425 2682 1455 2730 †
1470 2683 1544 2716 Uro
1561 2681 1651 2716 testis
1668 2680 1856 2726 subscripsi.
1876 2680 1906 2727 †
1922 2681 2087 2715 Candidus
2111 2682 2209 2717 iudex
2228 2683 2266 2716 de
2285 2684 2355 2718 Noe

1378 2740 1481 2776 testis.
1501 2740 1532 2787 †
1548 2740 1614 2773 Leo
1632 2738 1719 2773 Petri
1736 2738 1841 2773 testis.
1856 2737 1885 2785 †
1898 2738 2052 2773 Nicotaus
2069 2739 2108 2773 de
2126 2740 2294 2775 Menelai-o
2311 2749 2358 2776 te-

1377 2800 1445 2835 stis.
1464 2798 1495 2846 †
1511 2799 1591 2834 Milo
1607 2796 1759 2832 Brictono
1777 2796 1880 2830 testis.
1899 2794 1928 2842 †
1945 2796 2045 2830 Floro
2067 2798 2170 2831 testis.
2191 2797 2220 2844 †
2240 2798 2357 2834 Fabius

1377 2856 1525 2892 sacerdos
1544 2854 1645 2890 testis.
1664 2852 1693 2901 †
1710 2854 1845 2887 loannes
1861 2852 1900 2886 ‹le
1916 2852 2005 2887 Polle
2021 2854 2124 2888 testis.
2139 2853 2169 2901 †
2187 2856 2255 2889 uno
2271 2854 2358 2890 tilius

1377 2914 1505 2949 loannis
1522 2913 1653 2948 Ferrari
1671 2911 1774 2947 testis.
1802 2910 1832 2958 †
1856 2911 2084 2946 Constantinus
2099 2912 2185 2947 Cura
2205 2914 2305 2948 testis.
2327 2913 2357 2961 †

1377 2974 1511 3008 loannes
1535 2972 1575 3007 de
1600 2971 1708 3006 Ollico
1731 2969 1832 3006 testis.
1852 2968 1882 3016 †
1898 2969 1975 3006 cato
1991 2969 2030 3004 ‹le
2046 2970 2110 3005 Siri
2137 2972 2226 3019 Rogo
2251 2973 2352 3008 testis,
