2606 3730
1223 337 1412 372 ...86—

323 418 446 460 φωροιν
478 412 608 451 iwanus
631 401 848 453 πλατογένης*
877 401 1038 448 υσισίλειος
1061 400 1294 455 κατεδεχοριόυ

318 503 373 529 συν
396 476 463 526 ἀοῖον
487 482 610 524 παιδῶν
635 484 740 524 αὐτοῦ
765 484 887 529 κοσμοίς
910 498 966 522 συν
995 500 1058 523 του
1082 483 1149 522 υἱοῦ
1174 482 1291 521 αὑτοῦ·

318 566 443 608 τοῦτον
466 581 528 605 του
550 563 797 618 προγραφέντος
813 581 1048 618 απεχαρισαμεν
1064 582 1144 619 προς
1158 565 1221 610 τὴν
1236 580 1296 610 μο-

318 649 369 694 airy
393 649 456 691 τῆς
479 644 653 701 &erepat-islone
676 647 846 684 ὃεοτοκοῦ
871 648 935 690 τῆς
958 648 1090 699 τοῦρρης
1106 645 1161 684 xz)
1179 648 1218 688 εἷς
1239 644 1295 683 τὸν

320 735 561 779 καθηγουμενον
577 743 670 779 >cuper
686 727 809 779 υροῦνον
827 730 881 767 καὶ
900 731 938 771 εἷς
954 744 1034 771 τους
1050 725 1209 773 ἀδελφους
1232 729 1296 770 τῆς

322 816 466 862 ρηὸητης
489 811 595 853 nor-75·
624 808 679 846 καὶ
705 806 885 860 ὑπέγραψα
902 805 972 847 “idlae
995 824 1059 854 μου
1083 811 1178 858 χειρῆ
1194 809 1249 843 καὶ
1268 821 1295 843 ε-

324 883 514 935 μαρτυρίθη
537 881 591 923 δια.
606 887 675 923 τῶν
691 885 960 936 ὑπογραψαντων
975 900 1146 935 αρχοντων
1161 897 1224 927 μου
1240 883 1294 921 καὶ

321 964 511 1010 {vaunnam
535 967 585 1010 ’τῆ
608 961 806 1010 διοιμολύυδό
832 979 894 1008 μου
922 967 1047 1008 συνηῦη
1071 968 1201 1006 υουλλη
1223 977 1293 1007 μηνι

321 1062 376 1086 και
403 1043 576 1086 offla-rimu
600 1060 670 1088 ‘roas
692 1050 906 1094 προγραφεισι
932 1055 1023 1083 ετους
1047 1041 1147 1095 Ιςχζ.

1336 406 1526 443 auctoritari
1543 406 1685 455 precepi.
1708 411 1742 442 ct
1764 416 1828 452 ego
1852 403 1919 452 ipsc
1948 410 2020 452 post
2044 403 2317 452 subscriptionem

1335 465 1571 514 archicpiscopi
1599 463 1758 511 raegitani
1788 463 1979 510 subscripsi.
2005 461 2035 509 †
2058 463 2128 509 Ego
2155 462 2316 509 Rogcrius

1335 523 1594 572 archiepiscopus
1617 523 1806 571 subscripsi.
1832 521 1863 571 †
1886 522 1954 569 Ego
1978 520 2140 567 Rogcrius
2171 520 2238 555 dux
2264 532 2317 556 mc

1336 581 1524 628 subscripsi.

1383 639 1422 687 †,
1438 640 1506 685 Ego
1530 639 1679 674 arnulfus
1696 639 1888 675 cusentinus
1904 634 2168 685 archiepiscopus
2186 635 2320 671 interfui

1336 705 1369 734 et
1394 698 1584 744 subscripsi.

1376 754 1413 805 †
1437 755 1505 801 Ego
1528 757 1622 789 Sasso
1645 755 1840 790 cassanensis
1862 754 2030 801 episcopm
2059 758 2093 789 et
2124 764 2205 800 pape
2231 752 2320 787 vica-

1338 812 1407 846 rius
1431 811 1619 858 subscripsi.

1383 868 1414 916 †
1438 869 1506 915 Ego
1528 868 1685 903 tristcnus
1709 873 1886 915 tropeanus
1910 868 2079 915 episcopus
2103 866 2292 914 subscripsi.

1387 927 1418 975 †
1441 929 1510 974 Ego
1534 927 1640 963 Guido
1656 926 1792 963 Roberti
1809 926 1901 962 ducis
1919 925 2003 961 filius
2023 926 2086 961 hoc
2102 926 2232 972 siguum
2245 934 2322 959 cru-

1339 985 1387 1020 cis
1414 984 1489 1020 feci.

1386 1043 1417 1093 †
1440 1044 1576 1091 Signum
1599 1042 1738 1090 hugonis
1762 1041 1802 1076 dc
1826 1041 1916 1079 claro
1938 1046 2062 1076 monte.

1429 1121 1484 1162 (Ex
1498 1121 1656 1153 membrana
1669 1119 1782 1162 bilingui
1796 1119 1904 1151 Archivi
1919 1118 2183 1161 Neapolitani—n.⁰
2197 1118 2241 1158 9.)

1046 1219 1231 1263 Elusnstt
1259 1218 1418 1262 RECENS
1447 1219 1600 1262 vfinsw

366 1338 397 1387 †
413 1336 565 1385 Sigillum
581 1336 704 1372 sactum
719 1345 738 1368 a
756 1333 901 1381 Rogerio
915 1334 1042 1376 Italiae,
1061 1333 1231 1370 Calabriae
1247 1333 1299 1368 Si·
1339 1343 1414 1366 nem
1431 1331 1718 1379 Hypomniscium,
1734 1331 1876 1366 Leonem
1889 1329 1929 1366 de
1942 1330 2060 1365 Sancto
2076 1330 2188 1371 Flore,
2206 1330 2329 1365 Ursum

321 1396 480 1444 cilineqne
492 1397 642 1436 Ducc,ac
656 1392 814 1430 traditum
830 1392 1032 1428 sanctissimo
1048 1390 1157 1426 abbati
1174 1390 1298 1438 (ιηοηα-
1340 1389 1381 1425 de
1397 1390 1538 1437 Chryso,
1554 1391 1698 1425 Leonem
1709 1390 1952 1430 severitanum‚
1966 1389 2172 1424 Eustathium
2183 1390 2322 1425 ‚fratrem

320 1455 418 1503 sterii)
434 1455 490 1489 SS.
511 1454 682 1501 Deiparae,
696 1450 785 1500 quod
800 1449 920 1486 dicitur
937 1450 975 1485 de
993 1450 1112 1490 Turre,
1130 1447 1183 1496 (el)
1199 1448 1240 1484 ab
1256 1449 1299 1483 E-

318 1512 446 1550 remitis
464 1510 676 1552 inhabitatur,
695 1508 826 1544 domino
847 1507 993 1542 Brunoni
1016 1506 1161 1554 dictique
1185 1517 1300 1541 mona-

319 1572 411 1616 sterii
436 1571 605 1610 fratribus,
624 1580 736 1605 mense
757 1568 936 1608 februario,
957 1565 1134 1602 indictione
1150 1568 1226 1602 vu.

370 1630 500 1666 Virtute
517 1627 683 1676 praeditos
699 1625 856 1661 exaudire
868 1624 1028 1666 homines.
1044 1635 1226 1672 eorumque
1243 1636 1298 1672 pe-

321 1686 490 1722 titionibus
512 1686 696 1721 satisfacere
713 1684 804 1732 pium
828 1695 866 1718 ac
891 1683 1039 1718 divinum
1062 1689 1124 1723 est,
1151 1694 1211 1717 nec
1236 1694 1302 1717 non

319 1746 391 1779 Deo
416 1751 560 1789 gratum,
587 1749 620 1778 et
644 1742 727 1777 nihil
743 1742 806 1776 boc
823 1747 871 1775 cst
889 1739 1134 1786 congruentius.
1152 1740 1303 1786 Quapro—

320 1807 394 1850 pter
412 1800 595 1849 praedictus
612 1800 724 1834 Bruno
746 1797 959 1844 suprascripti
975 1796 1160 1832 monasterii
1176 1795 1302 1831 Eremi-

319 1867 429 1897 tarum
446 1858 544 1894 abbas
559 1870 579 1893 a
596 1869 667 1893 mea
682 1855 776 1904 petiit
788 1861 959 1903 potestate,
975 1861 1011 1890 ut
1029 1854 1226 1890 monasterio
1242 1854 1299 1888 Ss.

319 1917 480 1964 Dciparae
497 1916 536 1950 de
553 1915 658 1950 Turre
671 1913 828 1949 donarem
844 1912 1004 1954 homines,
1025 1912 1083 1959 qui
1100 1917 1172 1947 tum
1190 1922 1304 1946 mona-

321 1977 433 2017 sterio,
454 1982 525 2011 tuni
550 1973 715 2010 monacbis
738 1973 772 2008 in
789 1984 828 2007 eo
843 1971 1034 2019 degentibus
1050 1971 1224 2007 servirent.
1251 1970 1304 2005 oh

322 2036 580 2083 redemptionem
602 2033 703 2080 igitur
726 2039 759 2068 ct
783 2032 1006 2067 remissionem
1021 2041 1172 2068 meorum
1189 2039 1306 2076 paren-

322 2100 396 2130 tum
421 2092 586 2141 praedicto
609 2090 808 2127 monasterio
825 2088 1046 2138 fratribusque
1070 2087 1105 2122 iu
1129 2086 1200 2134 ipso
1216 2098 1307 2122 com-

323 2153 525 2190 morantibus
541 2151 691 2187 homines
706 2149 792 2185 dono
807 2160 847 2184 ac
860 2144 995 2196 largior,
1014 2158 1159 2198 quorum
1175 2146 1307 2182 nomina

323 2210 396 2246 heic
413 2211 530 2247 dicam:
551 2209 703 2248 videlicet
718 2207 757 2243 de
772 2205 923 2255 Scyllaeii
939 2205 1122 2254 provincia,
1150 2205 1306 2240 loannem

1341 1449 1458 1485 Leonis
1475 1450 1591 1490 Macri,
1608 1449 1692 1483 filios
1703 1448 1827 1483 Mulae.
1841 1447 1886 1482 Hi
1898 1447 2108 1494 suprascripti
2126 1448 2167 1482 ad
2183 1448 2320 1483 Sanctae

1341 1507 1515 1543 Severinae
1532 1518 1649 1553 agrum
1667 1505 1843 1553 pertinent;
1867 1504 1925 1553 qui
1941 1511 2050 1540 autem
2067 1511 2262 1552 sequuntur,
2281 1516 2324 1540 cx

1341 1567 1530 1613 Tropaeano
1554 1571 1630 1601 sunt
1654 1578 1745 1612 agro.
1774 1564 2004 1600 Constantinus
2026 1565 2065 1598 de
2083 1565 2246 1604 Pancallo.
2264 1563 2324 1600 Ni-

1342 1625 1504 1672 cephorus
1528 1624 1569 1659 de
1595 1623 1773 1664 Perdebua,
1790 1622 1944 1658 Nicolaus
1969 1623 2195 1663 Partzcllutza,
2223 1624 2327 1659 Ursus

1342 1682 1500 1719 Mandilas
1517 1693 1592 1717 cum
1609 1681 1676 1716 suis
1692 1680 1781 1722 filiis,
1801 1680 1956 1716 Nicolaus
1976 1680 2016 1715 de
2033 1681 2147 1721 Diaco,
2169 1681 2226 1716 tilii
2244 1681 2323 1717 Ale-

1342 1740 1490 1780 ctoracii,
1518 1740 1654 1775 Ioannes
1677 1741 1802 1785 RoguS,
1830 1739 2058 1773 Constantinus
2075 1739 2233 1773 Mandilas
2250 1751 2326 1774 cum

1344 1811 1404 1834 suo
1422 1800 1535 1834 fratre.
1555 1798 1600 1833 Hi
1617 1803 1728 1832 autem
1743 1796 1782 1831 ‹le
1795 1807 1875 1843 agro
1889 1797 2016 1832 Roccae
2030 1798 2207 1845 Nicephori
2219 1804 2325 1833 crant:

1345 1858 1480 1892 Ioannes
1497 1856 1700 1902 Platogcncs,
1715 1854 1853 1889 Basilius
1865 1854 2097 1901 Capodechorii
2115 1867 2190 1890 cum
2208 1855 2275 1890 suis
2292 1856 2329 1891 fi-

1344 1915 1416 1955 liis,
1436 1916 1568 1951 Cosmas
1584 1926 1661 1949 cum
1677 1925 1736 1949 suo
1753 1913 1833 1948 filio.
1853 1914 1926 1948 Hoc
1942 1919 2053 1949 autem
2070 1915 2328 1961 suprascriptum

1344 1971 1572 2019 (pi-ivikyium)
1581 1971 1781 2006 monasterio
1793 1971 2027 2018 SS-Dciparae‚
2037 1978 2135 2019 atque
2148 1972 2256 2007 abbati
2270 1971 2328 2007 do-

1346 2030 1436 2066 mino
1449 2029 1595 2065 Brunoni
1605 2029 1748 2077 dictique
1759 2029 1948 2063 monasterii
1962 2029 2120 2064 fratribus
2130 2030 2288 2070 concessi,
2297 2035 2331 2065 et

1346 2089 1478 2136 propria
1495 2099 1566 2123 mea
1582 2099 1683 2122 manu
1698 2087 1899 2133 subsignavi,
1911 2098 2022 2121 coram
2035 2087 2172 2122 testibus
2189 2087 2331 2123 subscri-

1346 2148 1411 2196 ptis
1427 2147 1616 2195 proceribus
1633 2146 1726 2186 meis;
1753 2151 1786 2181 et
1808 2151 1961 2180 consueta
1979 2158 2052 2181 mea
2071 2146 2223 2192 plumbea
2240 2145 2331 2182 bulla

1348 2205 1410 2242 t'uit
1435 2204 1637 2245 roboratum,
1664 2215 1774 2239 mense
1799 2209 1896 2251 atque
1919 2203 2095 2240 indictione
2120 2203 2326 2251 supradictis,

324 2270 508 2312 Placidum,
526 2269 611 2309 filios
627 2267 924 2310 Gaudilaemraum
935 2265 976 2303 de
987 2264 1305 2313 Chrysanffiodoan·
1349 2274 1435 2298 anno
1453 2262 1561 2297 6607.

1259 2375 1406 2430 thX.

900 2493 1046 2550 (1101)
1065 2517 1118 2525 -
1135 2493 1256 2535 Mense
1278 2492 1381 2535 lunio
1405 2491 1457 2533 to
1475 2516 1530 2524 -
1546 2491 1677 2533 Indict.
1695 2489 1753 2532 lx.

326 2603 480 2649 Rogatus
505 2603 630 2641 Siciliae
654 2611 681 2639 et
710 2603 875 2638 Calabriae
903 2603 1008 2637 Comes
1032 2603 1130 2636 donat
1159 2602 1308 2636 Brunom·

1337 2600 1501 2648 celerisque
1530 2599 1687 2634 monachis
1719 2598 1900 2634 ηιοηαειονὶἱ
1936 2598 1972 2633 S.
1999 2597 2120 2632 Mariae
2143 2598 2181 2633 de
2206 2597 2322 2632 Ercmo

374 2669 433 2696 tres
457 2673 554 2708 payns
578 2662 611 2698 in
635 2673 714 2710 αρν-ο
738 2661 921 2709 Scyllaoensi
941 2661 1085 2712 positos,
1110 2659 1248 2694 videlicet
1273 2659 1451 2695 Aruncium
1466 2686 1475 2701 ‚
1501 2659 1684 2694 Metaurum
1708 2665 1736 2693 ee
1765 2656 1933 2692 Libianum
1956 2667 2028 2691 cum
2050 2655 2228 2691 hominibus
2251 2655 2332 2693 inibi

375 2721 599 2759 militantibus.

375 2811 405 2859 †
432 2809 531 2846 Κατὰ
556 2808 614 2846 τὸν
630 2811 739 2847 foveor
755 2806 829 2853 μὶνσι
845 2811 909 2853 τῆς
925 2808 964 2846 3‘
980 2803 1173 2849 ινδικτιὼνος
1189 2809 1227 2848 εἰς
1243 2808 1306 2848 1τᾶς

1396 2807 1522 2846 ΑΝΝΟ
1547 2808 1604 2843 ΑΒ
1629 2805 1959 2844 INCARNATIONE
1979 2805 2140 2841 DOMINI
2156 2805 2332 2840 Millesimo

328 2866 370 2906 ις’
398 2862 511 2905 §Souna
549 2867 614 2917 ἐγὼ
652 2867 742 2912 κᾴιις
769 2863 923 2918 ρουκέριος
948 2880 1028 2917 προς
1061 2880 1094 2904 σε
1124 2864 1181 2903 τὸν
1212 2880 1306 2916 κυρον
1349 2867 1541 2903 centesimo.
1562 2868 1606 2902 Π.
1626 2865 1800 2901 indictione
1818 2875 1915 2899 nona.

326 2921 446 2975 νροεῖνον
475 2922 528 2962 xxi
557 2940 596 2967 εις
619 2939 698 2967 τους
721 2925 828 2968 >words
855 2922 1019 2970 αδιλᾩους
1047 2922 1126 2967 τοὺς
1155 2940 1306 2976 spuma-as

1396 2929 1485 2965 EGO
1510 2926 1728 2964 ROGERIUS
1754 2923 1912 2961 calabriae
1936 2934 2045 2959 comes
2069 2928 2103 2959 et
2127 2922 2248 2959 siciliae
2273 2934 2332 2971 pro

329 2977 404 3037 νπὲρ
430 2987 577 3031 ψυζηκις
592 2996 655 3028 μου
671 2981 831 3040 σωτηρίαν
847 2997 887 3028 εις
902 2998 955 3024 τιν
972 2980 1186 3039 διακρατησιν
1202 2988 1307 3024 σκυλ-
1330 2986 1400 3035 ‚dei
1425 2997 1535 3023 amore
1560 2991 1593 3023 et
1616 2984 1742 3021 animae
1766 2993 1858 3019 meae
1880 2980 2026 3017 remedio
2042 2987 2074 3017 et
2093 2981 2204 3017 fratris
2218 2981 2283 3016 mei
2300 2986 2333 3015 et
