2560 3646
1165 357 1363 394 -564-

263 434 383 467 Andreas
404 435 577 478 Praepositus
600 435 630 466 S.
654 431 780 474 Stephani
802 431 836 465 de
856 431 973 463 Nemore
995 428 1066 464 393.

268 505 310 511 -
331 487 388 529 (S.)
408 489 435 519 in
456 496 520 528 agro
541 484 636 518 Muteri
658 484 685 515 in
706 481 833 516 Calabria
853 482 926 517 270.

266 557 308 563 -
329 539 486 581 Spatharius
506 540 534 568 et
553 536 675 568 notarius
697 534 747 567 65.

265 591 398 631 angariae
419 588 501 626 300,
525 587 585 620 334
599 613 607 626 ,
632 588 704 626 558,
727 585 789 619 559
809 605 852 612 --
873 586 1020 629 Angariam
1042 586 1131 619 tacere
1153 585 1247 618 22-

306 638 479 680 Ἀγγαρεῖας
497 638 614 679 σναροχὴ
638 639 690 671 54.

268 688 363 731 angen
385 688 517 730 (aeclesia
538 681 583 730 s'.)
604 689 638 721 ae
659 688 802 721 Anastasio
825 688 895 722 109.

262 760 304 766 -
327 741 428 782 (Honor
448 739 544 774 Montis
563 741 609 783 S.)
630 741 704 773 424.

261 812 304 818 —-
324 794 526 835 (Monasterium
547 792 594 835 S.)
615 793 649 825 de
669 793 826 835 Battepede.
847 794 881 826 V.
906 793 1023 826 Monast.

262 863 304 872 -—
325 846 527 887 (Monasterium
548 845 596 888 S.)
616 846 643 878 in
663 854 729 888 agro
750 845 858 879 Briatici
880 845 954 881 460.

264 913 306 923 -—
327 897 421 939 (Serra
441 897 486 939 S.)
507 906 535 929 n.
549 897 581 930 ,1.
603 898 631 929 in
651 906 720 939 agro
739 897 847 930 Gaeiani
872 898 922 929 71.

261 948 390 991 Angelica
411 948 483 987 258,
508 948 580 980 260.
604 948 639 982 V.
663 947 808 991 Calocyrus
828 952 972 990 protopapa
993 947 1147 981 Nicoterae.

261 1000 364 1043 Angelo
385 999 554 1042 (Bommatus
575 1000 621 1041 de)
641 1003 663 1034 t.
687 999 759 1033 436.

261 1050 382 1093 Angelus
401 1049 459 1092 (S.)
479 1059 509 1083 n.
532 1050 552 1082 l.
581 1051 630 1083 15.

262 1121 304 1127 -
325 1103 362 1135 do
380 1103 496 1136 Gravina
519 1102 590 1136 186.

263 1174 305 1180 -
324 1155 519 1188 Maliimnorum
540 1156 566 1187 in
588 1164 655 1197 agro
676 1154 776 1187 Catacii
797 1153 870 1186 436.

262 1224 305 1230 -
325 1205 359 1237 de
379 1204 478 1237 Rascla
498 1215 529 1237 n.
552 1205 573 1236 1.
597 1205 668 1247 apud
691 1204 839 1236 Tarentum
860 1203 913 1243 30,
937 1203 988 1235 36.

262 1255 443 1297 Augilmorius
464 1256 585 1288 Deremis
606 1259 628 1287 t.
652 1255 725 1287 547.

259 1309 357 1350 Auglia
378 1312 471 1340 octavo
492 1311 608 1340 exeunte
629 1307 720 1340 seculo
741 1308 838 1341 Graeci
859 1308 990 1341 sermonis
1005 1315 1057 1340 non
1072 1307 1169 1350 ignara
1182 1306 1242 1345 suit,

302 1360 415 1400 praefat.
440 1369 468 1401 p.
492 1359 530 1391 X.
784 1385 786 1387 .

260 1410 389 1442 Anicetus
409 1409 521 1442 Michael
543 1409 668 1450 clericus,
692 1409 887 1449 chartularius,
904 1410 987 1443 iudex
1003 1413 1030 1442 et
1044 1409 1196 1442 tabularius
1211 1408 1242 1440 S.

303 1460 447 1492 severinae
467 1459 541 1492 268.

261 1512 339 1542 Anna
360 1511 440 1543 vidua
461 1511 564 1543 Nicolai
584 1511 664 1553 Cypri
678 1511 749 1544 36¹.
768 1512 802 1543 V.
819 1512 935 1544 Monast.
952 1511 984 1543 S.
1002 1511 1178 1554 stephanide
1191 1512 1246 1544 Ne-

304 1570 389 1600 more,
414 1562 584 1595 venditiones.

264 1614 407 1655 Anningus
428 1615 577 1646 advocator
597 1613 747 1655 Praepositi
767 1613 799 1645 S.
822 1614 958 1646 Benedicti
980 1615 1011 1646 3.

261 1666 356 1697 Annus
369 1664 539 1697 chartarum.
562 1664 597 1697 V.
621 1664 730 1698 Praeiat
750 1675 778 1707 p.
802 1665 870 1697 Xlx
889 1670 917 1698 et
939 1674 1014 1708 seqq.

260 1715 508 1756 Ἀνογωκατόγεον
529 1714 665 1750 acrbior.
690 1717 724 1749 V.
749 1718 864 1751 Domus.

261 1768 383 1799 Anteliae
404 1763 519 1800 liliorum
540 1770 723 1810 possessiones
745 1770 771 1800 in
793 1778 858 1811 agro
879 1768 945 1810 Styli
982 1770 1054 1802 556.

267 1819 487 1863 Ἀνθρωῷοἷρια,
509 1820 643 1860 homines,
668 1821 738 1854 101.

262 1871 431 1913 Anthypatus
452 1871 610 1913 Calocyrus,
633 1872 783 1910 Marianus,
806 1872 929 1905 liiichael.
949 1873 982 1907 V.
1006 1873 1145 1915 Catapani.

265 1921 407 1953 Antiochia
427 1922 557 1961 (Marinus
577 1923 622 1964 de)
644 1926 665 1955 t.
689 1923 759 1955 503.

265 1974 413 2005 Antiochus
434 1974 584 2016 Imperialis
618 1974 855 2016 Protospatharius
883 1980 909 2007 et
936 1975 1080 2018 Strategus
1105 1976 1246 2009 Calabriae

308 2027 360 2064 57,
385 2027 434 2058 58.
458 2026 493 2057 V.
518 2026 656 2068 Catapani.

264 2077 412 2109 Antiochus
432 2077 549 2109 Felicius
570 2078 703 2109 Theodori
725 2077 797 2109 iilius
817 2082 839 2108 t.
866 2077 935 2109 112.

263 2129 506 2170 Ἀντιπροσωτῶν.
530 2129 564 2160 V.
590 2128 757 2170 Hp6ewrov.

261 2180 459 2222 'Avrserdmp
482 2181 521 2211 vei
543 2179 741 2221 ἆττιστάτωρ,
757 2182 992 2222 procurator,5'23
1003 2182 1150 2220 ‚52{-,5‘26
1161 2182 1245 2219 ,530.

266 2231 415 2261 Antistator
435 2231 601 2268 monasterii,
625 2232 804 2272 praepositus,
831 2232 900 2264 103.
925 2232 995 2263 186.

265 2282 405 2313 Antzerius
419 2281 633 2323 archiepiscopus
648 2282 788 2323 Rheginus
802 2283 939 2315 confirmat
950 2284 1067 2314 Brunoui
1082 2284 1247 2325 privilegium

306 2331 441 2363 Theodori
466 2332 607 2363 Mesimerii
630 2332 805 2374 Scyllacensis
828 2334 940 2375 episcopi
963 2334 1186 2365 69—Antzerius
1206 2333 1249 2365 hie

307 2383 341 2414 ab
365 2383 485 2425 Ughellio
506 2384 659 2426 Bangerius
681 2385 779 2417 dicitur
793 2410 800 2424 ,
831 2389 858 2417 et
884 2394 929 2417 an.
954 2385 1035 2417 1090
1056 2386 1088 2417 ad
1111 2386 1183 2418 illam
1204 2394 1248 2417 ar-

304 2435 523 2476 chiepiscopalem
538 2436 630 2467 sedem
643 2440 762 2467 evectus.
781 2435 855 2476 (Ital.
874 2445 929 2468 sac.
946 2442 1011 2468 tom.
1025 2435 1076 2468 IX.
1092 2436 1248 2478 pa9.324.)

266 2485 461 2523 ’Aquam-ils,
486 2485 654 2526 vectigalium
676 2491 798 2524 exactor,
822 2486 894 2517 220.

266 2537 350 2576 Apate
372 2535 469 2576 (Ursus
491 2537 536 2577 cle)
558 2537 703 2568 vicecomes
725 2537 829 2569 Olettae
856 2536 923 2575 137,
950 2537 1019 2569 138.

266 2586 376 2627 Apelato
398 2586 554 2626 (Presbyter
575 2587 619 2627 de)
641 2587 754 2619 loannes
776 2587 874 2618 Cotrus
897 2592 915 2622 t.
944 2588 1015 2620 142.

268 2639 396 2680 Apelurgi
420 2638 526 2671 Ioannis
546 2639 726 2680 possessiones
747 2640 773 2670 in
796 2648 863 2680 agro
885 2641 968 2671 Actae
989 2639 1061 2672 329.

267 2690 383 2730 Aperato
405 2689 543 2730 (Nicolaus
564 2690 607 2731 de)
629 2700 654 2722 v.
680 2690 750 2722 558.

269 2741 402 2781 Aperatus
422 2740 476 2773 Leo
498 2750 635 2782 possessor
654 2741 824 2783 praediorum
841 2743 866 2773 in
889 2750 954 2784 agro
969 2741 1072 2774 Catacii
1093 2742 1154 2774 135
1174 2743 1246 2782 476,

313 2792 385 2823 477.
1090 2814 1092 2817 ψ

275 2843 381 2884 Apices,
403 2844 540 2884 epistolae,
563 2844 613 2876 83.

271 2893 645 2933 ’Atrh'izmoe,diversorium‚
667 2897 737 2929 187.
754 2902 781 2929 et
797 2897 967 2937 α’τλυωόειν,
983 2899 1125 2931 divertere.
1144 2900 1177 2931 V.
1194 2901 1249 2942 Ap·

314 2944 425 2984 plicare.

271 2995 405 3036 Apodixa,
430 2993 573 3035 ἀπόδειξις,
598 2998 720 3033 chartula
741 3001 899 3041 receptionis
919 3002 1057 3043 pecuniae,
1083 3003 1133 3035 17.

1290 429 1443 472 Apodraina
1463 430 1592 473 (Basilius
1613 431 1659 474 de)
1679 432 1804 464 notarius
1824 433 1965 465 Nicoterae
1987 434 2057 469 285.

1290 480 1451 523 Apollinaris
1472 482 1673 524 (Monasterium
1695 482 1739 523 S.)
1761 484 1790 515 in
1808 483 1935 516 Calabria
1957 484 2027 515 139.

1291 532 1438 575 Ἀιινωρέω,
1460 543 1581 576 possum,
1606 544 1653 576 pro
1675 535 1778 576 vulgari
1800 531 1920 578 ε’μπορῶ,
1945 535 1996 567 97.

1291 584 1419 625 Aporium
1434 610 1442 621 ,
1467 584 1592 628 ἀπόρων,
1615 587 1686 626 233,
1710 588 1783 627 254,
1806 588 1880 627 239,
1905 587 1976 626 334,
2000 587 2076 624 350,
2099 587 2171 627 357,
2197 590 2268 628 358,

1331 635 1403 674 381,
1415 636 1487 675 386,
1504 637 1575 676 388,
1599 639 1673 677 467,
1691 641 1764 679 474,
1779 641 1840 672 545
1854 665 1863 679 ,
1879 640 2040 672 546-lloo
2053 639 2213 672 voeabulum
2225 650 2270 673 oca

1331 687 1415 717 currit
1428 687 1507 719 etiam
1522 688 1549 719 in
1563 688 1656 720 charta
1678 691 1848 723 constantiae
1863 691 2042 733 Imperatricis
2053 691 2123 732 apud
2135 689 2273 722 Bocchum

1331 737 1465 778 Pyrrhum
1487 739 1513 770 in
1534 740 1625 772 notitia
1647 741 1721 773 Eccl.
1745 742 1850 774 Siciliae
1872 746 1935 775 tom.
1963 743 1991 776 1.
2015 752 2043 785 p.
2069 742 2140 774 131.
2153 742 2272 783 cangius

1331 797 1393 820 vero
1413 790 1483 833 quod
1499 790 1532 821 ad
1554 790 1673 822 eiusdem
1694 793 1816 824 vocabuli
1831 794 2048 835 significationem
2069 793 2173 830 attinet,
2190 791 2274 824 lecto-

1331 849 1387 872 rem
1403 840 1530 872 amandat
1551 840 1583 871 ad
1604 850 1695 873 vocem
1716 842 1875 884 Apportum,
1898 853 1967 886 quae
1994 844 2126 876 tributum
2147 842 2188 875 vel
2209 852 2271 875 cen·

1331 899 1392 921 sum
1413 889 1529 929 denotat,
1546 891 1591 933 qui
1613 891 1727 923 dominis
1748 894 1876 934 praestari
1898 894 2012 926 solebat.
2038 894 2102 926 Inde
2123 894 2152 925 fit
2172 897 2203 925 ut
2217 893 2271 926 sub

1331 943 1414 984 aporii
1450 944 1553 975 nomine
1574 945 1600 976 in
1622 943 1722 975 nostris
1744 944 1908 977 membranis
1929 946 1965 978 nil
1985 946 2057 978 aliud
2078 948 2186 986 veniat,
2219 946 2273 977 nisi

1329 994 1446 1032 fundus,
1477 994 1554 1026 cuius
1575 996 1710 1037 possessio
1732 997 1825 1029 censui
1846 996 1963 1029 obnoxia
1984 1001 2055 1030 erat.

1289 1046 1444 1088 Aposcepus
1466 1047 1593 1080 Nicolaus
1615 1047 1752 1089 presbyter
1772 1053 1794 1080 t.
1819 1049 1889 1080 100.

1289 1098 1439 1139 Apostolica
1460 1098 1543 1130 Sedes
1565 1099 1701 1132 constituit
1722 1101 1858 1142 episcopos
1879 1101 1980 1133 Catacii
2011 1104 2038 1132 et
2062 1099 2272 1141 Gynaecocastri

1329 1151 1430 1184 iudices
1451 1153 1477 1183 in
1497 1153 1652 1194 quaestione
1673 1155 1741 1185 inter
1763 1154 1923 1186 monasteria
1957 1154 1988 1185 S.
2013 1153 2141 1195 Stephani
2161 1154 2195 1184 de
2216 1151 2275 1185 N&

1330 1212 1403 1235 more
1424 1207 1450 1235 et
1471 1204 1502 1237 S.
1526 1205 1649 1246 Gregorii
1670 1205 1866 1248 'thaumaturgi
1887 1206 1959 1238 408.

1289 1256 1476 1298 Apostolorum
1497 1257 1549 1288 SS.
1574 1257 1729 1299 Spanopetri
1752 1252 1953 1291 monasterinm.
1979 1258 2012 1290 V.
2038 1258 2153 1290 Mouast.

1287 1324 1328 1329 —
1349 1305 1415 1347 Styli
1438 1309 1628 1340 monasterium
1651 1308 1843 1340 Eremitarum.
1868 1308 1902 1340 V.
1927 1309 2041 1340 Monast.

1288 1377 1330 1382 —
1350 1357 1456 1389 Tarenti
1479 1360 1671 1390 monasterium
1688 1359 1722 1391 V.
1746 1360 1860 1391 monast.
1884 1359 1915 1392 S.
1940 1359 2012 1392 Petri
2034 1360 2190 1402 imperialis.

1289 1408 1509 1450 Appetzuclasum
1529 1418 1557 1440 n.
1581 1409 1601 1441 l.
1625 1409 1697 1441 308.

1289 1460 1482 1501 Appidoriacus
1503 1459 1628 1497 loannes,
1647 1459 1744 1490 Petrus
1765 1460 1864 1501 aliique
1877 1461 2073 1492 conventionem
2093 1462 2185 1493 ineunt
2202 1470 2271 1493 eum

1330 1511 1490 1543 monasterio
1512 1510 1543 1542 S.
1567 1510 1694 1552 Stephani
1715 1511 1749 1542 de
1771 1511 1886 1542 Nemore
1916 1511 1950 1542 de
1977 1512 2152 1552 praestatione
2182 1520 2272 1543 annua

1330 1562 1508 1595 imminuenda
1530 1563 1600 1594 396.
2265 1589 2267 1591 ,

1290 1616 1403 1657 Appium
1425 1623 1453 1646 n.
1476 1615 1495 1646 l.
1518 1615 1545 1646 in
1567 1623 1634 1656 agro
1655 1614 1749 1646 Nohae
1771 1614 1822 1653 34,
1846 1614 1903 1652 60,
1930 1614 1997 1651 105,
2023 1614 2196 1646 394—Fons
2211 1614 2267 1655 Ap-

1331 1665 1366 1706 pii
1390 1665 1461 1697 109.

1290 1715 1441 1756 Applicare,
1465 1715 1607 1753 divertere,
1633 1715 1760 1756 hospitari
1783 1715 1814 1753 2,
1838 1714 1996 1746 ἀπλικεὺειν
2020 1715 2090 1752 147,
2109 1715 2179 1752 185,
2196 1715 2268 1747 410.

1290 1767 1436 1807 Applicatio
1459 1766 1490 1798 2.

1291 1819 1443 1861 Applicatus
1465 1820 1491 1850 in
1512 1820 1615 1850 civitate
1636 1819 1740 1850 Salerni
1762 1819 1879 1851 Basilius
1900 1818 2134 1860 protospatharius
2159 1819 2209 1849 14.

1290 1871 1475 1912 Apraxe—V.
1500 1864 1690 1903 monasterium
1712 1871 1744 1902 S.
1767 1870 1867 1901 Mariae
1888 1870 2064 1901 Scalitorum.

1290 1923 1397 1964 Apulia.
1438 1923 1622 1955 Possessioncs
1657 1923 1687 1954 S.
1711 1922 1845 1954 Benedicti
1873 1922 1899 1953 in
1921 1922 2039 1954 themate
2069 1922 2180 1963 Apuliae
2207 1922 2245 1954 10
2262 1946 2270 1959 ,

1333 1974 1382 2012 it,
1406 1973 1457 2004 25.
1819 1979 1821 1982 ⁴
1877 1980 1879 1982 ·

1290 2044 1330 2048 —
1351 2025 1407 2056 dux
1429 2025 1552 2056 Carolus.
1579 2026 1612 2057 V.
1636 2025 1762 2057 Carolus.

1290 2096 1330 2100 —
1351 2077 1408 2108 dux
1430 2077 1573 2118 Rogcrius.
1598 2077 1630 2107 V.
1655 2077 1798 2118 Rogerius.

1291 2129 1367 2170 Aqua
1388 2133 1479 2160 sancta
1500 2137 1525 2158 n.
1552 2129 1571 2159 l.
1594 2129 1621 2159 in
1643 2127 1768 2159 Calabria
1790 2130 1840 2161 81.

1291 2181 1368 2222 Aqua
1389 2181 1459 2217 viva,
1482 2176 1550 2219 ὕδωρ
1572 2179 1657 2219 ζώην,
1681 2189 1709 2211 n.
1733 2180 1753 2211 l.
1778 2189 1859 2222 prope
1881 2180 2034 2212 Pertusiam
2058 2181 2128 2211 118.

1290 2231 1383 2271 Aquae
1404 2230 1513 2266 saluae,
1537 2228 1661 2268 ἄγκουας
1682 2229 1828 2270 σάλτζας,
1851 2230 1924 2261 rivus
1945 2231 1970 2261 in
1993 2229 2118 2261 Calabria
2142 2230 2211 2261 146.

1291 2281 1398 2323 Aquara
1418 2290 1446 2311 n.
1471 2281 1491 2311 l.
1515 2281 1584 2322 apud
1605 2281 1751 2311 Tarentum
1775 2281 1843 2312 103.

1292 2332 1407 2374 Aquario
1427 2331 1572 2372 (Rogerius
1593 2332 1637 2370 de)
1658 2335 1677 2361 t.
1701 2331 1773 2362 464.

1291 2378 1399 2424 Aquaro
1419 2382 1623 2423 (Angilimerus,
1647 2380 1735 2419 Oddo,
1752 2381 1849 2423 aliique
1864 2381 1909 2423 de)
1921 2390 2089 2423 possessores
2102 2383 2272 2423 praediorum

1332 2435 1358 2465 in
1378 2443 1445 2475 agro
1466 2434 1550 2464 Aetae
1572 2432 1643 2463 481.

1290 2505 1332 2510 -
1353 2485 1513 2524 (Guilelmus
1534 2486 1577 2525 de)
1599 2485 1681 2516 iudex
1704 2484 1787 2516 Aetne
1809 2484 1882 2522 441,
1906 2484 1979 2523 469,
2002 2486 2074 2517 471.

1290 2556 1331 2561 -
1353 2537 1491 2579 (Nicolaus
1512 2537 1557 2577 de)
1579 2536 1675 2577 aliique
1704 2537 1821 2568 vendunt
1850 2536 1984 2568 Adeodato
2009 2537 2042 2569 de
2064 2537 2172 2569 Burello
2193 2547 2270 2580 praef

1333 2589 1407 2620 dium
1429 2589 1455 2619 in
1477 2596 1544 2628 agro
1566 2588 1648 2618 Aetae
1670 2587 1740 2619 483.

1291 2659 1332 2664 -
1353 2641 1496 2681 (Rogerius
1511 2640 1555 2679 de)
1571 2643 1592 2670 t.
1610 2640 1798 2672 471-——Aetae
1811 2644 1838 2672 et
1852 2641 2003 2672 Arenarum
2024 2639 2106 2670 iudex
2121 2639 2269 2677 483,485.

1291 2693 1440 2734 Aquarum‚
1465 2689 1656 2732 Ἀκιιοὺοίριον,
1669 2691 1710 2722 vel
1726 2691 1887 2733 Ἀγκοῦρον,
1905 2701 1931 2724 n.
1946 2692 1964 2723 Ι.
1980 2691 2005 2722 in
2020 2699 2086 2732 agro
2100 2691 2270 2730 Αὸῑᾶθ,462,

1332 2744 1406 2782 470,
1429 2743 1500 2775 481.

1291 2816 1332 2820 -
1353 2797 1451 2827 flumen
1474 2795 1500 2826 in
1521 2803 1587 2836 agro
1609 2795 1692 2826 Aetne
1715 2795 1786 2827 484.

1292 2849 1419 2890 Aquarus
1439 2847 1481 2879 vel
1503 2848 1628 2879 Auourus
1651 2846 1710 2878 Odo
1731 2847 1802 2878 454.

1291 2899 1430 2940 Aquilonis
1451 2897 1568 2929 fluminis
1590 2898 1615 2927 in
1637 2906 1704 2938 agro
1726 2897 1840 2928 Troiano
1862 2898 1960 2928 mentio
1982 2897 2032 2928 21.

1293 2950 1420 2988 Aradaei,
1439 2949 1602 2991 Ἀραταίου,
1620 2953 1708 2980 terrae
1728 2948 1850 2980 dominus
1872 2948 1999 2980 Salomon
2020 2949 2131 2990 eiusque
2153 2948 2197 2979 filii
2219 2949 2275 2980 Gu-

1268 3043 1271 3047 .
1333 3001 1438 3034 lielmus
1458 3005 1485 3033 et
1506 3000 1637 3032 lienricus
1659 2999 1820 3034 monasterio
1842 2999 1873 3032 S.
1890 2999 1977 3033 Mauri
2009 2999 2116 3032 doninm
2137 2999 2236 3030 donant
2249 3000 2276 3030 in
