2652 3762
1269 356 1442 391 —52—

354 444 452 479 ρετον,
479 424 707 478 ινεχειριίῐαμεν·
733 424 955 476 παρασχόντες
978 419 1104 468 δύναμιν
1124 418 1267 468 Φυτεῦειν
1284 425 1337 461 ἀν-

354 485 659 526 τικαταλλσίττειν·
687 483 835 534 ἀφιεροῦν
862 485 918 520 τῶ
944 480 1037 520 κατὰ
1066 478 1100 519 σὶ
1128 481 1335 532 μοναστηρίω

354 550 563 583 καταλιπειν·
582 540 690 594 σύνορα
706 544 774 580 τῶν
791 541 1040 586 ἄμπελοτόπων
1061 536 1197 578 τούτων
1213 537 1333 582 οὕτως·

354 604 387 644 ἐξ
411 603 583 640 ἀνατολῶν
607 599 830 650 ἔρνμοίμπελον
845 612 917 636 των
933 597 1139 648 κληρονόμων
1162 594 1332 642 σεβίστου.

351 661 391 706 ὴν
413 663 491 712 πρός
506 674 582 697 τινα
603 655 755 709 ἕπρασαν·
783 655 818 694 ἔκ
844 653 972 702 δυσμῶν
996 656 1093 707 χώρα
1117 658 1247 694 ἷωαννου
1271 655 1336 693 τοῦ

349 717 537 764 βυζαντῖου·
555 717 590 755 ἔκ
607 718 715 753 νότου.
743 715 840 766 χώρα
862 715 928 752 τοῦ
949 715 1043 753 κατὰ
1058 711 1092 752 σέ
1106 713 1332 764 μοναστηρῖου.

349 775 386 815 ἔκ
409 780 516 827 βορεας
539 777 636 824 χόρα.
659 802 669 811 .
692 802 700 812 .
718 801 727 810 .
741 788 847 811 πτου·
874 772 930 812 καὶ
956 776 1194 819 ἀμπελότοπον
1207 771 1335 817 στεφοί-

350 849 404 873 νου
419 833 490 873 υἱοῦ
504 835 624 871 ἷοαννου
638 832 704 870 τοῦ
718 831 898 879 πασχοίλη·
917 833 1032 869 ταυτὲι
1049 832 1098 868 τὰ
1110 829 1335 875 ἀμπελότοπα

348 890 460 934 οὕτως
482 889 603 938 ἔχοντα
618 887 744 942 σύνορα.
763 892 877 933 καλῶς
891 891 978 934 ἡμεῖς
999 888 1074 938 πρὸς
1089 885 1123 926 σέ
1139 886 1330 938 πρίσαντες.

353 947 455 990 εἷσοδο
469 947 570 993 εξοδον
586 946 705 995 δόντες,
732 950 785 988 καὶ
811 950 924 987 πα’ντα
945 948 995 985 τὰ
1010 943 1134 991 δίκαια,
1152 942 1236 996 εἴπερ
1251 942 1334 982 ποτε

351 1007 537 1056 ἀφελέσθαι
563 1008 683 1048 ταῦτα
705 1001 727 1055 ἢ
751 1011 818 1047 ἀπὸ
841 1007 914 1052 σοῦ,
940 999 961 1052 ἢ
984 1005 1051 1044 ἀπὸ
1078 1008 1144 1050 τῆς
1172 1006 1253 1055 ἱεροῖς
1275 1019 1335 1048 μο-

353 1073 407 1116 νῆς
430 1069 623 1115 3ελ4σομεν·
651 1069 706 1106 καὶ
732 1065 806 1114 αἰχὶ
831 1063 1014 1104 τουναντιόν
1042 1063 1096 1101 καὶ
1121 1063 1334 1114 κληρονάιαις

350 1131 454 1175 heder·
473 1128 530 1166 καὶ
546 1126 835 1177 συγκληοονάιους.
854 1123 910 1161 καὶ
925 1124 1098 1172 συγγενεῖς.
1116 1121 1171 1161 καὶ
1189 1121 1329 1165 οἰκείους.

351 1188 415 1225 καὶ.
433 1187 560 1227 ποίντας
584 1185 712 1224 ἄλλους
740 1181 819 1233 πρὸς
841 1181 949 1219 τοῦτο
972 1178 1199 1230 ἐπειγομένους.
1226 1181 1334 1232 ἀπροί-

350 1241 452 1286 κτοῦς
470 1241 697 1287 ἐναποδείξομεν
720 1243 775 1278 καὶ
802 1239 1035 1292 ἄνενεργῆτους·
1064 1254 1275 1291 χοιρουμενοι.
1298 1240 1341 1279 σε’

350 1317 390 1341 τε
411 1300 466 1340 καὶ
492 1301 534 1339 τό
555 1296 710 1347 σύστημα
733 1301 803 1338 τῶν
825 1301 991 1348 μοναχῶν.
1022 1298 1195 1346 ὀχλήσεως
1224 1296 1333 1339 αὐτῶν

353 1360 556 1411 ἔγκλήσεως·
584 1359 711 1407 ζημίας,
738 1358 792 1397 καὶ
816 1358 925 1405 ποίσης
950 1358 1059 1405 ἄλλης
1082 1355 1277 1407 ἔπαγομένης
1300 1361 1333 1397 ὀ-

353 1419 476 1457 ποσοῦν
500 1418 641 1470 ἔπηρειας
665 1418 712 1455 ἵνα
735 1417 814 1469 πρὸς
837 1413 924 1455 σε’τε
941 1418 995 1454 καὶ
1021 1415 1100 1467 πρὸς
1125 1414 1205 1459 τοὺς
1229 1418 1257 1455 ἔν
1279 1419 1333 1455 τῶ

351 1475 573 1527 μοι-αστηρίω.
600 1475 700 1521 τιμὴν
724 1468 760 1521 ἓν
785 1473 938 1520 ε’λοίβομεν
970 1474 1150 1522 ἔπταπλὶγ
1181 1474 1333 1513 καταυαί-

352 1539 473 1579 λωμεν·
501 1536 609 1573 πᾶσαν
623 1549 662 1572 τε
678 1534 741 1580 τὴν
757 1531 922 1573 ἀνέλωσιν
940 1526 976 1579 ἣν
992 1532 1164 1574 ἀναλώσεις
1177 1534 1329 1571 υελτιῶν·

353 1596 409 1632 καὶ
435 1590 512 1645 πρὸς
535 1593 578 1632 τὸ
601 1591 772 1640 βασιλικὸν
789 1593 967 1644 υεστιοίριον
982 1590 1166 1639 νομίσματα
1183 1593 1228 1634 ἐξ.
1248 1595 1333 1631 ἀπο-

354 1653 507 1698 τίσωμεν·
539 1652 613 1691 ἓιτα
641 1654 705 1700 τὴν
730 1653 893 1704 παροῦσαν
920 1654 1050 1703 προῖσιν.
1084 1652 1266 1691 ἀσοίλευτον
1295 1655 1334 1695 εἷς

354 1713 402 1749 ἀεὶ
427 1712 512 1756 μετὰ
535 1712 605 1748 τῶν
629 1711 830 1759 κληρονόμων
851 1712 942 1754 ’ἱμῶν
955 1707 1221 1754 διαφυλαξωμὲν·
1239 1704 1262 1756 ἢ
1277 1709 1332 1746 κα)

351 1767 480 1817 ἔγροίφη
503 1768 593 1811 ’ἱμῶν
617 1767 759 1808 ἀξιώσει.
785 1766 868 1818 χειρὶ
885 1769 1014 1805 ἲωαννου
1029 1767 1093 1804 τοῦ
1109 1781 1331 1818 κουρκουσιου,

349 1826 420 1870 μηνὶ
445 1823 618 1874 απριλλΙω
642 1820 842 1866 ινδικτιωνος
857 1824 901 1867 ζ’.
919 1823 1011 1866 ἔτους
1026 1824 1146 1877 Ιςφξυῖ
1172 1824 1334 1873 παρουσία

351 1881 535 1934 μαρτύρων.

400 1944 431 1993 †
453 1947 588 1988 μιχαηλ
619 1942 683 1983 imis
712 1939 876 1986 στεΦοίνου
911 1937 1058 1979 διακόνου
1090 1943 1147 1978 καὶ
1177 1942 1334 1992 πενθεροῦ

350 1998 515 2051 θεοδώρου
538 2000 604 2038 τοῦ
628 2000 823 2050 προίσαντος,
847 2001 1089 2051 παρακληθεὶς,
1109 1997 1259 2042 ὑπέταξα
1277 1999 1334 2039 τὸν

352 2074 505 2110 σταυρον.
532 2058 576 2096 τό
600 2059 667 2109 ’γοίρ
692 2057 773 2103 ὕφος
796 2056 852 2097 διὰ
875 2059 939 2096 τοῦ
962 2073 1126 2109 νοταριου.

399 2120 430 2169 †
454 2115 619 2168 θεοδωρος
634 2119 771 2159 ευτελεῖς
781 2113 989 2168 πρεσυύτερος
1001 2131 1128 2168 μαρτυρ
1141 2123 1331 2168 υπεγραψα.

400 2179 432 2227 †
456 2179 596 2227 ρωμανος
619 2177 787 2226 κλήρηκος
809 2191 936 2227 μαρτυρ
959 2182 1152 2226 υπεγραψα.

400 2238 432 2286 †
457 2251 585 2280 ιωαννης
601 2249 757 2286 ιερωμενος
772 2237 827 2272 καὶ
842 2234 1011 2278 υασιλικός
1025 2241 1181 2285 κληρικος
1195 2240 1336 2288 επικυρῶ

355 2308 402 2331 τα
426 2290 566 2337 δόξαντα
589 2308 637 2339 τη
659 2292 794 2343 γυναικί
813 2308 877 2339 μου
901 2293 1037 2332 καὶτοῦ
1060 2294 1203 2332 ποίππου
1226 2309 1303 2339 μου.

400 2357 432 2405 †
455 2356 583 2400 ῗωαννης
597 2350 673 2392 ἔλεέι
691 2351 771 2391 θεοῦ
790 2367 999 2404 πρεσυυτερος
1014 2367 1142 2404 μαρτυρ
1158 2360 1336 2406 υπεγραψα

359 2409 517 2462 ιδιοχίρος.

435 2510 496 2552 (Ex
511 2511 631 2554 originali
646 2511 803 2544 membrana
817 2512 924 2545 Archivi
938 2512 1188 2546 casinensis—119
1203 2514 1279 2556 2¹.)

1379 426 1582 475 relinquendi
1607 434 1665 465 tuo
1688 429 1896 466 monasterio.
1924 429 2021 465 Fines
2045 429 2161 465 harum
2186 434 2351 465 terrarum

1378 485 1555 522 vinealium
1578 488 1658 524 tales
1682 494 1783 524 sunt:
1809 479 2002 523 esuriente
2026 488 2118 523 vinea
2142 488 2267 524 deserta
2290 488 2350 524 he-

1377 543 1492 578 redum
1508 544 1644 588 Sebesti‚
1662 559 1760 594 quam
1777 547 1834 596 (hi)
1848 545 1977 582 cuidam
1993 546 2221 586 vendiderunt;
2239 546 2280 581 ab
2295 558 2352 583 oe-

1377 613 1455 640 casu
1478 607 1568 637 terra
1592 605 1721 640 Ioannis
1744 605 1906 654 Byzantii;
1924 617 1943 640 a
1969 604 2103 640 meridie
2128 610 2218 640 terra
2240 616 2351 641 mona-

1377 658 1467 694 sterii
1484 659 1546 700 tui;
1566 672 1585 694 a
1601 660 1699 697 borea
1719 669 1805 699 terra
1825 690 1834 699 .
1857 690 1865 700 .
1889 690 1898 699 .
1915 669 1948 699 et
1962 668 2048 698 terra
2063 662 2199 697 vinealis
2216 661 2354 708 Stepha-

1377 717 1410 751 ni
1435 716 1494 751 filii
1518 718 1646 753 Ioannis
1669 719 1708 754 de
1726 721 1891 756 Paschale.
1909 718 2104 756 Huiusmodi
2121 724 2230 754 autem
2246 724 2351 753 terras

1376 775 1532 815 vineales,
1545 775 1589 810 ita
1603 776 1670 810 suis
1686 776 1805 813 finibus
1817 779 2004 826 descriptas,
2019 778 2153 813 honeste
2166 788 2224 812 nos
2238 776 2352 813 vendi-

1376 831 1482 867 dimus
1497 831 1568 873 tihi,
1583 831 1696 868 dantes
1713 833 1883 870 introitum
1897 842 1930 871 et
1942 836 2082 877 exitum,
2098 840 2131 871 et
2143 834 2252 870 omnia
2264 834 2349 870 iura.

1375 890 1409 924 Si
1422 892 1506 925 'vero
1530 889 1703 937 aliquando
1728 892 1928 929 voluerimus
1951 894 2035 941 ipsas
2050 907 2069 930 a
2086 899 2133 937 te,
2152 893 2205 930 vel
2222 906 2242 929 a
2258 902 2351 929 sacro

1376 948 1571 983 monasterio
1587 948 1732 989 auferre,
1747 955 1780 984 et
1798 962 1816 985 e
1832 951 1994 986 contraria
2009 957 2102 999 parte
2119 951 2277 987 heredum
2290 962 2349 986 no-

1376 1011 1533 1048 strorum,
1541 1011 1574 1042 et
1587 1006 1797 1049 coheredum,
1809 1014 1841 1044 et
1853 1010 2179 1056 consanguineorum,
2194 1017 2227 1046 et
2239 1010 2350 1046 dome-

1375 1063 1546 1105 sticorum,
1564 1069 1597 1100 et
1612 1065 1835 1112 quorumlibet
1848 1066 1911 1101 hoc
1922 1067 2117 1102 tentantium
2129 1079 2263 1115 operam
2275 1068 2352 1104 irri-

1374 1126 1443 1157 tam
1459 1126 1492 1157 et
1503 1121 1705 1159 inefficacem
1716 1135 1783 1158 non
1794 1122 2045 1165 reddiderimus,
2059 1124 2245 1160 indemnem
2257 1136 2352 1172 prae-

1375 1184 1498 1215 stantes
1522 1185 1555 1216 et
1578 1185 1612 1216 te
1636 1185 1670 1217 et
1694 1180 1929 1217 monachorum
1952 1187 2150 1218 conventum
2173 1181 2215 1217 ab
2238 1193 2354 1219 eorum

1374 1238 1521 1274 molestia
1539 1264 1547 1280 ,
1575 1239 1802 1276 criminatione
1817 1266 1827 1281 .
1853 1238 2049 1276 detrimento
2069 1267 2077 1283 ‚
2104 1240 2260 1288 omnique
2288 1240 2354 1276 alio

1374 1296 1493 1332 damno
1516 1297 1633 1345 quovis
1656 1297 1755 1334 modo
1777 1298 1886 1341 illato,
1919 1299 1979 1335 tibi
2012 1305 2045 1336 et
2073 1299 2114 1335 iis
2138 1300 2197 1349 qui
2220 1300 2255 1336 iu
2283 1311 2355 1336 mo-

1374 1355 1516 1392 nasterio
1539 1355 1661 1404 degunt
1683 1358 1840 1405 pretium,
1859 1359 1947 1406 quod
1971 1359 2167 1407 accepimus,
2187 1359 2222 1395 in
2244 1367 2355 1408 septu-

1374 1414 1468 1462 plum
1491 1415 1732 1463 persolvamus;
1757 1429 1819 1453 nec
1842 1430 1909 1453 non
1932 1430 2044 1455 omnes
2070 1419 2246 1466 impensas,
2272 1431 2355 1468 quas

1374 1471 1416 1507 ob
1440 1473 1664 1519 provehendas
1687 1474 1722 1509 in
1746 1474 1864 1511 melius
1887 1474 1998 1523 (dictas
2025 1477 2137 1525 terras)
2160 1478 2351 1524 pertuleris,

1374 1535 1407 1565 et
1432 1530 1600 1578 Imperiali
1625 1531 1787 1568 Vestiario
1809 1533 2006 1569 numismata
2035 1546 2093 1570 sex
2123 1535 2351 1581 rependamus.

1375 1587 1536 1635 Deinceps
1559 1594 1763 1636 praesentem
1787 1590 2008 1627 venditionem
2030 1592 2256 1628 inconcussam
2269 1605 2354 1629 sem-

1375 1656 1435 1692 per
1458 1657 1536 1680 eum
1558 1645 1731 1682 heredibus
1760 1648 1880 1684 nostris
1907 1649 2095 1691 tuebimur;
2121 1661 2206 1697 quae
2230 1651 2353 1696 scripta

1375 1708 1424 1738 est
1440 1709 1556 1750 rogatu
1566 1710 1679 1740 nostro
1694 1717 1795 1740 manu
1811 1706 1943 1741 Ioannis
1955 1707 2117 1748 Curcusii,
2133 1718 2244 1742 mense
2266 1708 2356 1755 apri-

1376 1760 1400 1794 li
1416 1786 1425 1802 ‚
1453 1761 1626 1796 indictione
1651 1764 1712 1797 vn
1728 1789 1737 1804 ,
1765 1775 1851 1798 anno
1875 1763 1970 1798 6562
1986 1790 1995 1807 ‚
2022 1775 2132 1799 coram
2157 1765 2306 1801 testibus.

1424 1846 1454 1894 †
1477 1848 1721 1885 Michaeifilius
1737 1852 1892 1899 Stephani
1912 1851 2039 1888 diaconi
2063 1860 2095 1889 et
2120 1855 2224 1890 soceri
2249 1854 2356 1891 Theo-

1376 1908 1448 1943 dori
1474 1907 1666 1949 venditoris,
1689 1916 1822 1956 rogatus
1846 1909 2020 1958 subscripsi
2038 1923 2182 1953 crucem
2203 1913 2301 1949 verba
2320 1926 2355 1950 e-

1377 1966 1445 2002 nim
1470 1978 1528 2014 per
1544 1967 1721 2002 notarium.

1425 2055 1457 2104 †
1480 2056 1670 2093 Theodorus
1694 2057 1829 2094 humilis
1851 2058 2025 2107 presbyter
2049 2061 2141 2097 testis
2164 2062 2353 2110 subscripsi.

1423 2136 1455 2185 †
1479 2139 1645 2174 Romanus
1670 2137 1819 2174 Clericus
1842 2139 1935 2175 testis
1958 2140 2150 2190 subscripsi.

1424 2217 1454 2265 †
1479 2209 1613 2253 Ioannes
1637 2217 1808 2265 presbyter
1839 2223 1872 2254 et
1904 2219 2081 2266 imperialis
2113 2221 2251 2257 clericus
2275 2234 2353 2260 con·

1378 2276 1473 2311 firmo
1497 2287 1582 2323 quae
1606 2275 1704 2311 uxori
1728 2287 1820 2311 meae
1843 2280 1983 2324 meoque
2007 2289 2070 2314 avo
2094 2278 2300 2326 placuerunt.

1426 2356 1457 2404 †
1481 2357 1616 2393 Ioannes
1639 2357 1847 2394 miseratione
1862 2359 1972 2398 divina
1988 2361 2159 2411 presbyter
2175 2363 2265 2401 testis
2277 2363 2355 2401 sub-

1378 2413 1491 2462 scripsi
1516 2414 1648 2463 propria
1673 2427 1786 2451 manu.
