2652 3762
2147 398 2209 426 χιχ

1227 542 1321 597 Χ.

387 733 555 774 Necesse
581 728 666 781 ruit,
695 732 739 770 ut
765 727 1044 781 Appendicein
1062 726 1174 767 binas
1201 729 1334 775 partes
1353 725 1558 766 distributa
1577 726 1641 767 hic
1661 727 1839 778 Syllabus
1864 728 2088 769 donaretur.
2110 729 2266 769 Inchoa-

285 798 348 835 tus
376 793 476 833 enim
500 791 729 841 iampridem
757 792 840 842 ipse
866 792 1007 841 fuerat,
1037 799 1124 829 eum
1152 790 1308 838 praeter
1335 788 1644 836 expectationem
1672 792 1760 828 octo
1789 793 1828 829 ct
1846 790 1981 830 decem
2009 790 2263 840 graecanicae

285 854 531 894 membranae
558 863 606 893 ex
634 853 854 904 Episcopali
883 852 1050 892 Archivo
1077 849 1251 890 Neritino
1279 849 1354 904 huc
1382 849 1535 888 delatae
1563 849 1737 900 fuerunt,
1767 863 1864 900 quas
1893 853 2126 894 Sanfelicius
2151 853 2269 892 Prae-

285 914 412 953 sulum
439 913 699 953 Neritinorum
728 914 975 954 doctissimus
1003 913 1167 960 exeunte
1195 909 1353 949 saeculo
1373 908 1485 947 XVlll
1517 919 1752 958 recuperare
1772 915 1811 950 et
1829 914 2027 953 custodire
2054 917 2268 963 sategerat,

287 983 373 1012 eum
401 973 552 1013 scilicet
579 973 686 1024 Rege
713 978 906 1014 annuente
935 974 971 1012 in
999 973 1084 1012 eius
1112 970 1315 1010 Seminarii
1344 973 1576 1019 potestatem
1606 975 1789 1010 venerunt
1806 973 1907 1011 bona
1927 977 1967 1012 et
1983 974 2183 1014 chartulae
2203 974 2272 1014 Ba-

287 1036 416 1075 siliani
444 1036 664 1077 Monasterii
695 1037 866 1077 Civitatis
894 1034 1095 1085 Callipolis
1122 1034 1195 1072 sub
1222 1033 1335 1072 titulo
1365 1032 1405 1071 S.
1437 1032 1573 1082 Mauri,
1595 1034 1698 1081 quod
1726 1033 1869 1072 iamdiu
1897 1035 2083 1075 abolitum
2103 1036 2140 1075 in
2156 1036 2272 1086 Regii

287 1096 386 1136 luris
413 1098 616 1138 Abbatiam
644 1099 771 1138 ruerat
797 1100 1084 1137 commutatum.
1115 1094 1341 1134 Huiusmodi
1370 1095 1677 1133 membranarum
1707 1096 1806 1134 duae
1833 1095 1987 1144 quidem
2009 1106 2118 1135 suam
2139 1098 2188 1137 ob
2208 1109 2271 1137 ae-

287 1164 406 1201 tatem
434 1161 472 1201 in
501 1162 657 1212 Syllaba
685 1161 867 1201 collocari
896 1162 1124 1211 potuerunt3
1148 1169 1194 1197 ex
1221 1158 1382 1206 reliquis
1409 1167 1500 1196 vero
1521 1158 1683 1196 conllata
1703 1162 1763 1197 est
1782 1168 1871 1207 pars
1891 1159 1998 1208 prior
2018 1160 2272 1208 Appendicis.

290 1221 389 1262 lluic
416 1222 546 1261 addita
565 1225 767 1271 praeterea
787 1225 877 1261 sunt
910 1220 986 1260 tria
1014 1220 1239 1269 diplomata,
1269 1229 1384 1267 quac,
1414 1221 1621 1266 utcumque
1650 1218 1978 1268 Constantinopoli
2013 1220 2182 1270 condita,
2212 1231 2276 1260 ne-

288 1295 364 1334 que
392 1285 440 1323 ad
469 1284 640 1324 Graecos
668 1287 863 1324 nostrates
883 1283 1110 1333 spectantia,
1132 1282 1344 1332 paucisque
1363 1281 1502 1320 abhinc
1530 1282 1640 1320 annis
1667 1282 1770 1320 edita
1798 1286 1837 1321 et
1864 1283 2056 1321 illustrata
2085 1284 2276 1333 singulari

290 1344 560 1384 lucubratione
587 1355 610 1384 a
637 1345 825 1384 Paschale
853 1344 1010 1383 Placido
1037 1348 1129 1382 tunc
1156 1342 1310 1381 Archivi
1348 1341 1587 1389 Neapolitani
1624 1342 1779 1380 alumno
1801 1371 1811 1391 ,
1845 1353 1945 1381 nunc
1978 1354 2182 1383 causarum
2210 1356 2275 1394 pa-

288 1407 404 1444 trono
433 1404 534 1443 haud
563 1405 812 1454 poenitendo,
841 1405 922 1443 visa
951 1408 1077 1442 tamen
1107 1407 1196 1441 sunt
1223 1403 1371 1441 edenda
1399 1413 1552 1450 quoque
1573 1404 1608 1440 in
1629 1403 1703 1441 hoe
1733 1403 1902 1453 Syllabo,
1934 1405 1997 1443 ubi
2026 1415 2168 1454 graeca
2195 1406 2278 1444 uni-

290 1477 402 1506 versa
430 1467 604 1506 eiusdem
635 1467 787 1506 Archivi
817 1471 1062 1505 monumenta
1091 1465 1422 1514 comprehendere
1451 1465 1690 1513 propositum
1719 1465 1803 1503 luit.
1935 1499 1938 1502 ,

398 1531 454 1569 Ad
484 1531 645 1570 alteram
674 1541 765 1570 vero
793 1534 939 1579 partem
969 1529 1203 1578 Appendicis
1230 1538 1364 1568 omncs
1393 1529 1567 1577 reliquae
1595 1529 1822 1567 amandatae
1843 1526 1933 1568 sunt
1955 1530 2220 1580 membranae,
2242 1530 2282 1568 in

294 1592 435 1640 quihus
463 1595 577 1631 notae
604 1592 905 1641 chronologicae
933 1590 1220 1639 desiderantur,
1241 1599 1368 1637 neque
1387 1599 1435 1628 ex
1454 1600 1585 1628 earum
1615 1592 1794 1628 contextu
1824 1593 2093 1638 argumentum
2122 1589 2282 1638 aliquod

295 1654 391 1691 satis
420 1656 567 1691 certum
597 1653 760 1702 eruitur,
790 1653 892 1692 unde
920 1651 1016 1691 citra
1043 1661 1194 1691 omnem
1224 1652 1503 1691 dubitationem
1532 1652 1648 1690 statui
1678 1650 1802 1700 possit
1829 1660 1968 1700 annus,
1998 1660 2075 1699 quo
2103 1654 2283 1690 exaratae

291 1713 460 1752 fuerunt.

1228 1939 1355 1993 XI.

409 2268 517 2314 Quod
546 2269 697 2318 spectat
724 2266 772 2307 ad
800 2268 914 2307 notas
943 2262 1269 2313 chronologicas,
1305 2263 1540 2303 monendum
1576 2262 1751 2313 inprimis
1784 2266 1845 2304 est
1873 2275 1943 2305 nos
1972 2265 2008 2304 in
2038 2267 2289 2309 subducendo

303 2338 402 2369 anno
431 2339 546 2368 aerae
575 2328 809 2368 christianae
837 2328 886 2366 ab
914 2336 1012 2365 anno
1042 2326 1077 2363 in
1108 2323 1360 2373 autographis
1390 2324 1544 2372 graecis
1573 2325 1798 2374 consignato
1819 2337 1903 2365 cam
1929 2331 2083 2368 secutos
2107 2338 2194 2368 esse
2214 2340 2291 2369 mc-

304 2391 477 2439 thodum,
499 2399 597 2439 quae
617 2389 665 2427 ad
686 2387 947 2428 inveniendam
977 2394 1204 2435 graecorum
1225 2388 1556 2423 monumentorum
1586 2386 1772 2433 epocham
1793 2396 1892 2426 anno
1920 2397 2036 2426 aerae
2055 2388 2291 2428 christianae

305 2452 601 2501 respondentem
630 2450 799 2489 detrahit
818 2458 938 2488 annos
959 2447 1073 2497 5509,
1096 2447 1127 2486 si
1149 2450 1393 2485 monumenta
1422 2447 1575 2485 condita
1606 2447 1745 2485 luerint
1764 2448 1800 2486 in
1821 2448 1951 2497 aliquo
1976 2459 2024 2487 cx
2044 2453 2210 2498 quatuor
2230 2462 2291 2490 ex-

308 2514 441 2551 tremis
470 2511 556 2550 anni
585 2510 783 2549 mensibus
801 2538 812 2558 ,
849 2509 914 2558 qui
943 2508 1042 2558 apud
1075 2507 1242 2545 Graecos
1271 2516 1405 2545 noram
1435 2506 1710 2556 indictionem,
1749 2517 1963 2556 novumque
1991 2519 2129 2548 annum
2159 2521 2289 2549 secum

307 2576 503 2624 ferebantg
536 2574 705 2613 detrahit
732 2583 824 2612 vero
851 2582 973 2611 annos
1002 2571 1120 2620 5508,
1151 2570 1183 2609 si
1213 2570 1260 2608 ad
1290 2571 1456 2618 aliquem
1487 2570 1798 2618 praecedentium
1827 2575 1915 2610 octo
1943 2572 2131 2611 mensium
2162 2583 2293 2612 monu-

309 2642 438 2677 menta
466 2637 698 2686 pertineant.
730 2634 911 2674 Novimus
939 2633 1094 2683 quidem
1123 2632 1290 2671 Leonem
1325 2631 1503 2670 Allatium
1524 2631 1559 2669 in
1581 2633 1768 2679 opusculo
1797 2632 1844 2671 (le
1874 2634 2105 2671 Graecorum
2144 2634 2290 2673 llehdo-

309 2699 434 2739 ma'dis
454 2696 634 2736 docuisse
650 2696 686 2734 in
707 2705 892 2734 annorum
913 2693 1165 2743 detractione,
1183 2693 1231 2731 dc
1247 2703 1321 2741 qna
1338 2691 1545 2741 loquimur,
1568 2693 1749 2730 utendum
1770 2702 1924 2742 semper
1949 2704 2036 2732 esse
2056 2705 2154 2734 annio
2176 2695 2291 2745 5508,

311 2773 383 2802 nec
410 2761 523 2800 aliter
551 2758 752 2808 Gangium,
784 2757 1035 2796 Muratorium
1055 2759 1094 2808 et
1121 2751 1413 2795 Assc'mannium
1444 2754 1630 2793 sensisse.
1654 2754 1701 2792 ΛΙ.
1725 2758 1963 2803 compertum
1993 2765 2147 2804 quoque
2183 2758 2294 2797 nohis

314 2828 374 2863 est
393 2819 668 2869 Mabillonium,
691 2817 1027 2867 Montranconium,
1051 2817 1306 2866 Scaligcrum‚
1329 2815 1520 2854 Petavium
1540 2819 1579 2853 ct
1599 2815 1755 2864 l‘agium
1782 2827 1935 2866 magna,
1958 2827 2004 2855 ne
2026 2817 2199 2857 dicamus
2219 2829 2295 2857 ma-

315 2884 413 2922 xima
435 2882 488 2921 rei
513 2880 810 2929 chronologicae
829 2880 987 2928 lumina,
1009 2878 1104 2918 satis
1124 2878 1412 2916 dciuonstrasse
1428 2876 1595 2925 positum
1617 2877 1653 2915 in
1674 2884 1781 2915 more
1809 2877 1929 2916 luisse
1957 2878 2059 2926 apud
2082 2878 2295 2919 Ecclesiam

318 2941 792 2992 constantinopolitanam,
815 2945 856 2979 ut
883 2950 1004 2979 annus
1033 2939 1132 2978 5509
1152 2940 1200 2977 ab
1221 2939 1315 2978 orbe
1335 2938 1489 2977 condito
1510 2938 1810 2987 coniungeretur
1830 2949 1915 2977 cum
1936 2949 2036 2979 anno
2056 2939 2196 2979 Christi
2224 2941 2293 2979 Na·

318 3003 399 3054 tali,
417 3014 462 3043 ex
482 3012 558 3052 quo
578 3002 774 3052 vulgarem
803 3002 942 3042 Acram
965 3000 1096 3041 Latina
1117 2999 1291 3041 Ecclesia
1312 2998 1381 3039 l'uit
1401 2999 1613 3050 auspicata.
1637 2999 1693 3038 Ab
1714 2999 1786 3039 hae
1806 3000 1987 3041 methodo
2012 3010 2086 3042 non
2107 3001 2294 3041 discesse-
