2606 3730
1243 320 1442 356 -106—

344 391 438 431 οὗτος
454 392 537 434 ἡμεῖς
553 390 742 439 αρεσὲ)ἧνα.ι,
756 387 783 427 ἐν
799 388 1044 437 παρουσιοι“των
1059 384 1317 437 παρευρεθέντων

342 449 543 491 ἇξιοπῶτων
555 455 789 498 καυαλλαριων
806 445 859 484 καὶ
872 453 986 485 καλων
999 461 1183 497 μαρτυρων.
1195 452 1319 495 εγραφη

343 524 364 553 η
378 504 523 558 παρούσα
538 507 711 557 αᾨιέρωσις
726 504 780 544 δια
791 521 895 556 χειρος
912 513 1066 543 γικολαιου
1081 520 1233 556 νοταιριου
1248 519 1318 542 mov

340 581 583 616 χρυσωστομου
599 581 731 603 ιωαννου
746 567 838 610 ἄστη
854 567 928 603 νοῶν
943 581 1013 611 um
1031 563 1183 616 νοεμβρῖω
1199 579 1239 606 εις
1254 577 1318 605 τας

341 625 390 673 γ’·
417 640 529 675 τμερας
553 640 608 661 mu
634 621 809 662 ινδικτιωνι
835 624 870 660 ι’·
899 639 964 661 του
987 637 1078 665 mous
1103 623 1218 676 Ιςχκὲ·

387 685 418 734 †
441 678 628 731 ἀλεῖξαγδρος
658 694 724 718 στου
747 683 949 731 κληρτμόντε
972 696 1101 732 μαρτυρ
1125 677 1315 729 ὑπέγραψα.

386 744 417 791 †
442 739 534 784 οῧβος
557 754 629 777 mov
652 738 870 790 τρουστοιίγου
893 754 1019 790 μαρτυρ
1043 743 1235 789 υπεγροιψσι.

385 800 416 847 †
439 794 613 847 ριγκοίρδος
636 813 705 836 mov
729 789 933 849 ἀλεξοίνδροό
947 811 1082 848 μαρτυρ-
1100 799 1290 845 υπεγραψα.

386 856 417 904 †
439 850 598 904 χούαρδος
619 855 682 892 τοῦ
706 853 907 905 λατρονίκου
929 869 1056 904 μαρτυρ
1081 858 1272 901 υπεγραψα.

383 914 414 963 †
437 920 559 962 σαρλος
582 909 731 958 ἀδελφοῦ
755 913 900 961 μυχαὴλ
923 925 1052 962 μαρτυρ
1077 915 1266 959 υπεγροιψα.

384 973 416 1021 †
439 967 628 1021 ἀλέξανῧρος
651 986 714 1009 σου
736 971 910 1021 σοᾳιποίρου
934 983 1060 1019 μαρτυρ
1085 973 1275 1018 υπεγραψα.

382 1032 413 1081 †
436 1044 497 1080 ogo
521 1033 657 1069 basilius
680 1033 853 1080 presbyter
878 1030 1117 1067 testimonium.

381 1092 413 1140 †
437 1089 605 1140 ρομυέρτος
620 1094 765 1133 υοιλλεμε
782 1089 812 1124 ὦ
828 1101 922 1124 κατα.
937 1085 993 1124 τὸν
1015 1100 1097 1123 τοτε
1113 1099 1218 1133 καιρον
1235 1087 1317 1125 εΞου-

334 1163 474 1193 σιαστης

334 1221 474 1257 σταυμον
498 1221 542 1243 το
567 1203 598 1243 δε
623 1212 704 1251 mpos-
728 1221 791 1243 του
814 1219 975 1254 νοταριου.

1407 392 1438 440 †
1461 391 1648 428 Alexander
1671 393 1721 428 de.
1734 391 1942 428 Claromonte
1966 393 2058 427 testis
2082 392 2269 440 subscripsi.

1409 503 1439 550 †
1463 505 1560 551 llugo
1583 505 1669 542 filius
1693 504 1849 540 Tristaini
1872 504 1964 540 testis
1987 504 2174 552 subscripsi.

1407 620 1438 668 †
1462 622 1640 658 Riccardus
1664 623 1750 658 lilius
1773 622 1956 658 Alexandri
1979 621 2074 657 testis
2097 621 2286 669 subscripsi.

1409 720 1439 770 †
1462 722 1634 758 Chuardus
1657 723 1697 758 de
1722 723 1895 759 Latronico
1918 722 2011 758 testis
2034 721 2222 768 subscripsi.

1407 839 1438 887 †
1460 840 1572 875 Sarlus
1597 841 1696 874 frater
1721 840 1888 875 Michaelis
1912 840 2002 875 testis
2026 837 2214 886 subscripsi.

1409 961 1438 1009 †
1462 961 1651 996 Alexander
1675 960 1716 996 de
1740 962 1896 1008 Samparo
1921 960 2013 996 testis
2036 960 2225 1007 subscripsi.

1408 1064 1438 1113 1-
1468 1060 1631 1100 Robertus
1658 1062 1802 1097 Balleme
1838 1073 1900 1109 pro
1928 1067 2076 1108 tempore
2106 1062 2248 1096 Potestas
2271 1061 2337 1095 Cu—

498 1163 561 1193 *²05
584 1163 717 1197 κωρτης
741 1161 813 1184 τω,
829 1148 904 1184 νοῶ,
928 1150 1105 1196 υπεγρκψα
1129 1158 1188 1181 „my
1212 1157 1318 1187 ,ημωγ
1360 1134 1428 1168 riae
1453 1132 1566 1168 Noliae
1593 1130 1769 1178 subscripsi
1794 1135 1940 1166 sanctam
1963 1139 2110 1169 crucem,
2137 1139 2256 1163 nomen
2280 1139 2342 1162 au-

1361 1208 1427 1238 tem
1452 1201 1613 1236 notarius.

418 1299 473 1340 (Ex
494 1307 591 1340 graeco
611 1297 764 1340 apographo
786 1301 813 1330 et
833 1297 915 1330 latina
938 1296 1153 1339 interpretatione
1175 1296 1243 1327 inter
1264 1292 1447 1334 manuscripta
1467 1290 1605 1323 Paschalis
1626 1289 1701 1321 Baffii
1724 1290 1750 1320 in
1771 1288 1883 1321 Archivo
1903 1288 2016 1320 cavensi
2038 1287 2210 1320 adservatis.)

1244 1433 1385 1486 Lxxx
1393 1433 1428 1484 l.

1089 1554 1199 1596 1116
1218 1577 1272 1585 -
1284 1554 1415 1595 lndisst.
1439 1552 1532 1607 (lX).

388 1685 497 1719 Lenita
521 1683 591 1730 filia
623 1682 787 1718 Theoctistt‘
811 1684 849 1717 de
874 1682 1002 1728 Fayone
1027 1693 1099 1716 cum
1123 1681 1201 1727 filiis
1225 1681 1325 1715 Leone
1348 1688 1375 1714 et
1401 1681 1495 1714 Anna
1519 1680 1617 1714 donat
1641 1680 1828 1714 monasterio
1852 1679 1888 1714 S.
1917 1678 2043 1714 Nicolai
2066 1679 2105 1713 de
2129 1677 2275 1713 Peratico

835 1738 1049 1786 possessiones,
1073 1749 1153 1784 quas
1177 1738 1303 1771 habebat
1329 1737 1363 1771 in
1388 1736 1455 1770 loco
1479 1744 1661 1783 ηιιηοιῳαιο
1687 1736 1828 1771 Mostace‘.

381 1863 410 1911 †
435 1863 571 1909 Signum
584 1861 831 1897 crucisLenitac
844 1860 1315 1907 liliaeTlxeoetistideFagone·
1360 1860 1482 1902 Patris,
1509 1866 1542 1896 et
1567 1860 1654 1902 Filii,
1679 1866 1711 1895 ct
1735 1860 1844 1895 Sancti
1868 1860 2024 1907 Spiritus,
2050 1867 2082 1895 et
2107 1859 2226 1895 habeat
2251 1864 2342 1894 cate*

380 1922 411 1969 †
435 1922 571 1968 Signum
595 1921 703 1955 crucis
728 1919 857 1955 Nicolai
881 1919 941 1954 filii
965 1919 1048 1954 eius.

381 1980 411 2027 †
435 1981 572 2027 Signum
597 1980 704 2014 crucis
728 1979 842 2014 Annae
867 1991 949 2013 avae
975 1979 1059 2015 eius.

382 2040 419 2072 ln
445 2037 576 2073 nomine
601 2038 709 2072 Patris
726 2063 736 2077 ‚
767 2042 801 2071 ct
830 2037 932 2076 Filii,
963 2041 997 2070 et
1027 2035 1136 2070 Sancti
1159 2035 1313 2081 Spiritus.

335 2098 453 2132 Amen.
480 2098 550 2143 Ego
566 2095 727 2131 antedicta
742 2095 857 2131 Lanita
874 2106 938 2129 una
954 2105 1031 2129 cum
1054 2093 1130 2128 filiis
1154 2093 1236 2129 meis
1259 2094 1317 2129 de-

333 2156 477 2190 dicamus
502 2166 563 2201 pro
579 2154 689 2189 salute·
701 2154 885 2189 animarum
900 2158 1088 2188 nostrarum
1104 2157 1138 2187 et
1153 2152 1315 2187 maiorum

334 2219 521 2247 nostrorum
546 2212 581 2246 S.
610 2211 748 2246 Nicolao
763 2211 804 2246 de
821 2210 982 2250 Peratico,
1002 2215 1035 2245 et
1052 2209 1213 2244 monacho
1230 2210 1316 2244 Can-

334 2271 422 2311 dido,
452 2270 511 2317 qui
536 2269 643 2306 eidem
667 2269 824 2305 ecclesiae
847 2269 883 2304 S.
909 2269 1037 2304 Nicolai
1061 2269 1212 2310 inservit,
1240 2281 1315 2316 pos-

334 2330 501 2369 sessiones,
529 2340 673 2375 quarum
697 2327 854 2362 circuitus
869 2334 917 2362 est
934 2326 1080 2361 eiusdem
1106 2326 1314 2373 possessionis

336 2386 392 2421 ubi
416 2385 535 2420 dicitur
551 2385 591 2420 ad
608 2384 756 2425 Mostaci,
774 2385 888 2431 incipit
905 2396 924 2418 a
941 2384 1008 2424 via,
1035 2389 1069 2418 ct
1093 2383 1183 2418 vadit
1207 2395 1313 2431 usque

334 2444 374 2478 ad
398 2456 508 2479 arcam
531 2444 571 2479 de
596 2445 744 2484 Bonane,
770 2443 844 2478 inde
869 2442 1012 2478 ascendit
1037 2443 1077 2478 ad
1102 2443 1227 2479 flumen
1244 2471 1253 2484 ,
1281 2450 1314 2479 et

335 2502 453 2537 exinde
477 2502 641 2537 descendit
671 2502 711 2536 ad
744 2501 865 2537 dictam
894 2502 997 2536 viam.
1025 2503 1096 2537 Hoc
1120 2502 1162 2537 sit
1187 2514 1314 2549 semper

338 2560 369 2594 in
395 2566 552 2606 potestate
576 2566 610 2595 et
634 2559 767 2595 servitio
790 2560 895 2595 dictae
916 2560 1071 2595 ecclesiae
1088 2560 1122 2594 in
1137 2561 1245 2596 secula
1262 2573 1315 2596 se-

337 2617 499 2657 culorum,
527 2622 560 2652 et
585 2629 681 2652 nemo
706 2617 748 2652 sit
772 2617 830 2664 qui
845 2616 899 2652 det
919 2617 1202 2664 impedimentum
1228 2623 1262 2653 et
1285 2618 1313 2653 si

337 2676 454 2723 aliquis
479 2678 580 2711 ferret
604 2675 885 2723 impedimentum,
914 2676 1029 2712 habeat
1054 2676 1313 2712 maledictfonem

1360 1930 1435 1952 nam
1458 1917 1569 1953 Iudae.
1596 1919 1633 1953 ln
1658 1917 1836 1964 praesentia
1862 1917 2118 1963 subscriptorum
2145 1916 2296 1952 testium..

1406 1974 1437 2023 †
1460 1977 1548 2021 Papa
1574 1975 1711 2010 Basilius
1735 1975 1774 2009 ‹le
1798 1975 2008 2012 Constantino
2033 1975 2136 2010 testis.

1405 2033 1436 2082 †
1459 2034 1679 2070 Chumbertus
1703 2034 1743 2068 de
1768 2035 1897 2082 Fagone
1923 2036 2025 2070 testis.

1405 2091 1438 2139 †
1460 2094 1597 2128 Ioannes
1621 2092 1660 2127 de
1685 2094 1795 2128 Leone
1820 2093 1923 2128 testis.

1405 2149 1437 2197 †
1459 2150 1648 2186 Andrianus
1672 2151 1775 2185 testis.

1404 2206 1435 2254 †
1458 2209 1525 2243 Leo
1549 2207 1589 2242 de
1613 2208 1714 2243 Cicali
1740 2208 1842 2243 testis.

1404 2267 1530 2313 Scripta
1555 2278 1615 2313 per
1640 2278 1774 2301 manum
1800 2267 1928 2301 loannis
1953 2267 2134 2313 presbyteri
2159 2274 2188 2301 et
2217 2267 2343 2302 notarii-

1355 2336 1443 2359 anno
1468 2324 1578 2359 6624.

1402 2383 1584 2420 Concordat
1609 2383 1686 2419 licet
1711 2384 1815 2418 aliena
1833 2394 1945 2424 manu,
1965 2383 2052 2418 salva
2078 2390 2141 2418 etc.
2170 2396 2245 2419 rum
2270 2385 2341 2419 ori-

1354 2443 1455 2489 ginali
1479 2443 1513 2477 in
1538 2442 1683 2477 Archivo
1708 2442 1765 2476 SS.
1785 2441 1953 2476 Trinitatis
1977 2442 2097 2481 Came,
2124 2447 2156 2476 et
2181 2441 2214 2476 in
2240 2441 2336 2476 tidem

1354 2513 1415 2547 ego
1430 2500 1657 2547 infrascriptus
1673 2499 1860 2535 Archiv-ista
1886 2510 1937 2534 mc
1954 2499 2128 2546 subscripsi
2153 2506 2186 2534 et
2212 2500 2336 2546 signavi

1355 2560 1451 2595 solito
1476 2559 1583 2606 sigillo
1607 2557 1686 2594 dicti
1711 2557 1849 2594 Archivi
1874 2557 1926 2593 dic
1951 2558 1997 2592 25
2014 2559 2201 2594 novembris
2231 2559 2334 2594 1705.

1404 2618 1446 2652 D.
1474 2618 1592 2652 Petrus
1616 2615 1755 2652 Ursinus
1776 2628 1795 2651 a
1811 2615 1949 2664 Neapoli
1966 2615 2152 2651 Archirista
2179 2618 2339 2654 Notarius

1355 2674 1576 2723 Apostolicus.
2263 2686 2265 2689 ·

382 2779 445 2819 (Ex
467 2779 618 2811 authentico
641 2779 792 2821 apographo
814 2783 936 2818 exarato,
960 2782 991 2811 ut
1009 2779 1124 2812 indidem
1145 2783 1229 2822 patet,
1253 2779 1288 2813 ab
1310 2778 1464 2813 Archivista
1477 2778 1601 2816 cavensi,
1617 2780 1644 2810 et
1665 2778 1732 2810 inter
1753 2777 1929 2816 manuscripta
1952 2774 2087 2807 Pas-chaus
2104 2775 2177 2807 Baffii
2199 2775 2227 2808 in
2243 2774 2341 2807 maim

463 2830 635 2872 Neapolitana
655 2831 819 2864 Bibliotheca
841 2831 1008 2872 adservato).
