2560 3646
1243 376 1443 412 -609—

411 440 540 474 Notarius
561 442 644 476 buius
665 443 780 477 civitatis
799 443 991 477 Constantinus
1012 442 1085 476 299.

412 493 554 537 strategus
574 495 695 528 Tobinus
716 496 791 529 299.

1394 444 1509 526 Ggorgio
1530 445 1648 479 Gemisto
1667 446 1753 479 donat
1755 453 1832 480 onem
1853 450 2000 480 terrarum
2009 447 2099 490 Brysis
2128 448 2156 479 et
2180 444 2331 484 Phanarii,

1394 496 1413 527 5
1435 497 1454 528 4
1475 500 1502 528 et
1523 505 1580 540 seq.

329 540 437 588 Optima
459 547 584 588 (Ioannes
605 548 650 590 de)
671 556 811 590 possessor
829 520 930 589 praedii
952 546 979 578 iu
999 554 1065 588 agro
1086 545 1215 587 (Olettae)
1235 545 1309 585 216,
1352 564 1393 569 -
1414 546 1572 579 Theodorus
1593 548 1746 590 Porphyro„
1730 549 1835 581 venitus
1856 549 1987 592 Despotns
2011 550 2093 584 donat
2106 549 2222 591 Georgia
2240 547 2333 581 Gemi-

369 603 392 631 t.
417 598 488 631 233.
498 599 605 632 ——Leo
626 600 685 632 eius
705 600 776 632 lilius
795 598 915 630 1.227.

329 649 406 693 Opus
426 651 617 683 Constantinus
638 651 792 693 catapanus
812 649 864 682 32.
889 650 923 682 V.
946 649 1085 692 Catapani.

327 699 451 743 Ὄρδινοι
473 706 518 741 βιιι
520 701 629 734 ιαλίων.
635 728 637 730 .
654 701 687 734 V.
711 699 830 733 vincalo.

329 753 432 785 Ordioli
454 758 537 786 terra.
560 754 594 785 V.
618 752 757 785 Ursulum.

329 803 449 846 Orongin
470 813 541 836 uxor
560 804 667 845 Rogerii
687 803 873 845 Cuuciprettae
895 802 965 869 124.

330 857 444 890 Orestes
465 857 585 888 notarius
605 856 678 888 Barii
699 856 750 888 29.

330 907 415 950 Orgili
438 910 520 939 terra.
545 906 580 939 V.
603 906 743 939 Ursulum.

329 959 406 992 Oria.
431 959 465 991 V.
490 958 565 992 Uria.

330 1010 415 1043 orioli
436 1015 520 1043 terra.
544 1011 579 1044 V.
601 1010 731 1043 Ursulum

330 1062 461 1096 Oritauus
481 1064 597 1096 Ioannes
618 1066 640 1095 t.
664 1062 737 1094 241.

330 1113 437 1146 Orontii
457 1113 551 1155 (Rivus
571 1113 627 1155 S.)‚
650 1113 701 1144 τοῦ
721 1112 775 1153 οἶγ.
800 1111 957 1155 Ἀρόη-ζου,
979 1113 1007 1145 ἰιι
1029 1111 1155 1144 Calabria
1176 1111 1247 1144 389.

328 1164 512 1207 Orophylacisv
525 1164 628 1196 Arcndi
648 1163 786 1206 praedium
807 1164 834 1196 in
856 1163 981 1195 Calabria
1003 1163 1054 1194 95.

327 1217 428 1258 Ὄρους
448 1216 651 1247 monasterium.
676 1215 710 1247 V.
735 1215 851 1247 Mouast.
876 1215 907 1247 S.
931 1215 1059 1256 Stephani
1080 1215 1114 1246 de
1135 1215 1262 1246 Nemore.

326 1265 472 1307 orphanus
492 1265 558 1297 Leo.
581 1265 678 1297 mentio
702 1265 859 1297 venditionis
880 1265 915 1296 ab
936 1275 968 1296 eo
989 1266 1075 1296 tactae
1097 1266 1255 1296 monasterio
1275 1264 1306 1296 S.

367 1315 469 1346 Mariae
490 1315 524 1346 de
544 1314 678 1356 Arsapbia
698 1320 726 1347 et
746 1324 763 1346 a
777 1314 881 1347 Comite
904 1315 1019 1357 Rogerio
1043 1315 1214 1347 confirmatae
1238 1315 1307 1348 102.

326 1377 369 1393 -ε
389 1366 543 1408 Stephanus
564 1369 585 1398 t.
609 1367 682 1399 514.

327 1417 440 1450 Orritus
459 1416 557 1449 Comes
577 1415 681 1448 Olettae
702 1415 774 1447 233.

330 1469 397 1502 orte
418 1477 446 1500 n.
469 1467 491 1500 l.
516 1468 542 1499 in
563 1476 629 1509 agro
650 1467 759 1499 Tarenti
782 1468 852 1506 186,
875 1468 947 1500 370.

327 1516 469 1560 'oOpSstq
453 1521 496 1550 ²50⁵
516 1517 568 1550 46.

327 1568 444 1601 Osberni
465 1569 575 1611 praedm
596 1570 632 1601 ad
653 1571 803 1611 Argustum
824 1569 850 1600 iu
871 1568 998 1600 Calabria
1020 1569 1092 1607 298,
1115 1569 1188 1602 300.

323 1616 416 1650 ἰοσὲδ
410 1631 456 1656 ιοιι,
480 1618 595 1656 obsidio,
620 1618 690 1650 119.

323 1664 482 1702 'Osmuudus
503 1670 621 1701 munitor
641 1673 668 1700 et
687 1674 779 1700 custos
801 1669 896 1699 Nohae
917 1669 968 1699 96.

324 1718 481 1758 'eoric-m,
506 1718 703 1752 ὅσππότοπος.
728 1720 761 1751 V.
785 1719 897 1751 Domus.

323 1771 375 1803 Oto
395 1771 521 1812 (loannes
541 1772 585 1812 de)
605 1771 677 1803 364.
832 1765 834 1767 ’

324 1821 432 1856 Ὀῢόνη
448 1822 489 1854 vel
510 1818 619 1860 ὀθόνια,
642 1823 744 1859 tunica,
768 1824 819 1859 80,
844 1823 904 1854 325
925 1827 951 1854 ct
973 1824 1046 1855 alibi.

324 1875 440 1904 Ὄθνιοι
460 1871 528 1913 ξένοι
550 1873 600 1904 74.
625 1873 658 1906 V.
681 1872 876 1906 commendati.

324 1922 428 1962 οὗβοσ,
452 1921 600 1965 VstIugo.

324 1974 464 2018 Οὗμβροε,
487 1976 686 2017 receptaculum
709 1985 795 2018 aquae
818 1978 951 2019 pluvialis,
979 1979 1047 2017 116,
1071 1979 1142 2011 210.

328 2025 521 2068 ngalogensis
541 2027 656 2058 lacouus
677 2027 792 2070 Ioannes
814 2032 835 2059 t.
859 2029 933 2061 193.

325 2075 541 2108 Oxideauratum
562 2076 719 2117 epiloricum
738 2067 790 2109 83.

326 2126 490 2158 Ozomeuum
510 2134 538 2157 ιι.
564 2126 584 2158 l.
607 2127 633 2157 in
654 2134 720 2168 agro
742 2126 919 2168 Agriotherae
942 2115 1013 2160 263.

706 2229 938 2273 Ρηετψ

324 2329 479 2363 Pabillanus
493 2331 643 2364 Gulielmus
654 2325 727 2364 3'97.
740 2332 775 2364 V.
787 2333 977 2364 Monasterium
992 2332 1022 2363 S.
1040 2332 1146 2364 Ioannis
1161 2332 1194 2364 de
1208 2332 1301 2366 Alaro.

324 2380 431 2412 Paeltae
451 2381 551 2413 Max-iae
570 2381 664 2414 domus
684 2383 712 2413 in
731 2382 895 2424 pertinentiis
912 2379 1051 2414 ‘blesorum
1073 2381 1144 2414 425.

323 2431 427 2463 Padnla
448 2431 631 2473 (Boemundus
652 2433 697 2472 de)
719 2433 834 2475 Magnus
855 2432 943 2465 ludex
964 2431 1106 2464 Calabriae
1127 2432 1198 2464 323.

324 2482 432 2514 Faenus
451 2484 571 2516 notarius
593 2487 613 2515 t.
637 2483 709 2516 331.
860 2494 863 2497 ⁴

324 2517 495 2574 ilariagouiae
515 2532 578 2565 Dux
599 2533 731 2575 Argyros.
754 2534 788 2565 V.
811 2534 954 2576 Catapani,
977 2535 1111 2576 Argyros.

323 2584 464 2616 Paiuutius
485 2583 655 2627 Praepositus
676 2585 828 2617 monasterii
849 2585 1037 2628 Apostolorum
1058 2584 1213 2628 Spanopetri
1231 2585 1300 2620 334.

323 2636 450 2678 Pagauus
470 2635 569 2669 Consta
590 2637 728 2679 presbyter
749 2641 768 2669 t.
795 2637 864 2670 121.

324 2688 447 2730 Pagarus
458 2688 572 2720 Basilius
582 2688 705 2730 publicus
715 2688 1145 2732 tabulariusiutenaliydruutina
1152 2691 1298 2730 504,505.

324 2737 506 2770 Palaeochorii
526 2738 658 2779 praediola
677 2739 706 2771 in
726 2747 792 2780 agro
812 2739 926 2772 Rossaui
946 2740 1020 2773 225.

324 2789 544 2822 Palaeochorium
564 2789 672 2822 Suriani
693 2799 722 2822 n.
746 2791 766 2823 l.
790 2792 818 2823 in
838 2791 966 2824 Calabria
986 2792 1059 2825 233.

323 2840 500 2882 Palaeologus
519 2841 671 2874 Demetrius
691 2842 824 2885 Despotus
838 2842 1082 2886 Porphyrogeuitus
1095 2846 1236 2878 confirmat
1249 2847 1302 2878 sra-

363 2891 452 2924 tribus
472 2891 606 2924 Demetrio
625 2898 652 2925 et
673 2893 822 2926 Andronico
843 2894 970 2928 Gemistis
993 2895 1148 2928 donationes
1170 2901 1302 2929 terrarum

365 2942 492 2974 Phanarii
513 2946 540 2975 et
558 2942 657 2984 Brysis,
681 2944 739 2976 537
763 2949 791 2976 et
811 2953 886 2987 seqq.

322 3012 362 3019 --
384 2993 496 3027 loannes
526 2994 673 3035 imperator
704 2999 730 3028 et
761 2994 943 3029 Romanorum
973 2996 1134 3030 Autocrator
1163 2997 1302 3031 confirmat

1393 602 1434 630 sto
1454 600 1566 641 eiusque
1586 600 1647 632 siliis
1668 600 1802 633 Demetrio
1823 606 1850 634 et
1869 602 2023 635 Andronico
2044 605 2165 634 castrum
2190 604 2216 634 et
2231 606 2333 633 terram

1393 649 1532 689 Phanai-ii,
1556 651 1628 685 533.

1355 699 1541 741 Palagianum.
1566 702 1599 733 V.
1624 702 1811 744 Pelagianum.

1355 750 1486 782 Palatium
1507 759 1535 781 u.
1561 751 1580 783 l.
1604 752 1631 783 in
1651 761 1716 794 agro
1737 753 1768 784 S.
1792 753 1934 785 Severinae
1956 754 2027 787 286.

1352 818 1394 824 -
1414 800 1556 842 imperiale
1576 801 1627 833 62.

1352 870 1394 875 —
1414 851 1539 884 Panormi
1559 852 1630 884 250.

1355 903 1413 935 Pali
1433 913 1461 935 n.
1486 904 1505 936 l.
1528 904 1580 936 47.

1354 953 1598 994 Παλληὸάλλιον,
1621 956 1710 989 forsan
1731 957 1875 998 panniculi,
1898 958 1969 991 356.
1994 959 2027 991 V.
2044 959 2244 993 Πανννδῦλλια

1355 1006 1469 1039 Pallinin
1490 1008 1690 1040 triacontasium
1713 1008 1763 1040 79.

1355 1059 1515 1092 Palmeuteri
1535 1060 1590 1093 Leo
1610 1065 1631 1093 t.
1658 1061 1728 1094 190.

1356 1110 1486 1142 Palumba
1507 1111 1646 1152 (Nicotaus
1666 1112 1710 1154 de)
1732 1110 1902 1145 castellanus
1922 1112 2079 1146 Seminarae
2101 1113 2173 1146 393.

1356 1161 1519 1193 palumbara
1540 1162 1627 1203 (Colla
1646 1163 1691 1205 de)
1711 1173 1741 1196 n.
1764 1163 1783 1196 l.
1810 1163 1880 1196 109.

1355 1210 1536 1243 Palumbame
1556 1212 1640 1244 Serra
1662 1213 1713 1246 75.

1355 1261 1437 1293 Palus
1457 1261 1526 1303 apud
1548 1262 1694 1295 Tarentum
1715 1264 1766 1296 58.

1354 1313 1449 1344 Pambi
1469 1311 1617 1345 Gulielmus
1638 1314 1786 1346 monachus
1806 1315 1837 1347 S.
1861 1315 1989 1357 Stephani
2010 1316 2082 1349 206.

1354 1364 1488 1397 panarum
1508 1365 1607 1396 flumen
1628 1365 1699 1407 apud
1719 1365 1823 1406 Stylum
1844 1367 1898 1398 57.

1354 1416 1489 1448 panarum
1510 1417 1650 1458 praedium
1670 1417 1698 1448 in
1719 1416 1846 1448 Calabria
1867 1417 1938 1449 556.

1353 1466 1497 1499 Paneallus
1516 1466 1731 1509 (Constantinus)
1751 1477 1777 1498 v.
1801 1468 1853 1500 85.

1353 1535 1395 1541 -
1415 1526 1478 1549 eum
1499 1517 1560 1549 tiliis
1582 1517 1701 1550 lieberto
1722 1522 1750 1549 et
1769 1517 1918 1550 Costarello
1939 1519 2020 1551 donat
2041 1521 2201 1553 monasterio
2277 1522 2332 1554 Ma-

1393 1567 1449 1598 riae
1471 1568 1503 1599 de
1527 1567 1654 1605 Pertusia
1674 1568 1815 1610 praedium
1835 1569 1935 1601 dictum
1950 1569 1983 1601 de
1998 1570 2074 1602 Vado
2086 1571 2155 1603 Malo
2259 1580 2336 1613 prae-

1393 1620 1441 1650 fat.
1465 1628 1492 1661 p.
1517 1619 1602 1651 XXV.

1351 1685 1392 1691 -—
1413 1667 1484 1699 iilius
1506 1668 1611 1700 Ioannis
1632 1670 1758 1701 Curcusii
1779 1671 1900 1703 notarius
1920 1671 1971 1703 63.

1351 1735 1392 1744 --
1413 1720 1616 1752 Neocastrensis
1638 1722 1758 1754 notarius
1781 1723 1852 1754 117.

1354 1771 1492 1803 Pancharii
1513 1771 1579 1813 (Leo
1601 1771 1647 1813 S.)
1661 1774 1781 1804 notarius
1795 1777 1822 1805 et
1836 1773 1917 1805 iudex
1931 1773 1963 1805 S.
1982 1774 2143 1807 Catharinae
2157 1776 2255 1808 dirimit
2269 1786 2333 1809 eon-

1390 1824 1546 1856 troversiam
1567 1825 1636 1856 inter
1657 1825 1849 1857 monasterium
1870 1824 1901 1856 S.
1927 1825 2054 1867 Stephani
2076 1827 2108 1859 de
2129 1828 2245 1860 Nemore
2262 1833 2288 1861 et
2302 1829 2333 1860 fi-

1389 1874 1437 1905 lios
1458 1874 1555 1916 Ziglari
1577 1874 1649 1907 353.

1350 1925 1515 1958 Panchiotus
1535 1926 1652 1959 Basilius
1673 1931 1694 1959 t.
1719 1927 1789 1959 343.

1351 1977 1485 2009 Pancratii
1506 1978 1640 2017 (Ecclesia
1661 1978 1710 2020 S.)
1732 1979 1782 2010 60.

1352 2029 1433 2060 l‘andi
1455 2029 1496 2059 via
1519 2030 1544 2059 in
1566 2029 1691 2061 Calabria
1714 2031 1783 2062 102.

1278 2058 1281 2061 ’
1350 2080 1477 2112 randulfo
1498 2081 1602 2121 (effosus
1622 2081 1668 2121 de)
1689 2085 1709 2111 ι.
1733 2080 1806 2113 331.

1350 2131 1469 2163 Pandus.
1492 2130 1589 2163 Mentio
1610 2131 1755 2163 donationis
1777 2132 1812 2164 ab
1827 2141 1859 2163 eo
1875 2132 1959 2165 factae
1973 2142 2053 2175 prope
2069 2134 2257 2177 Cupersanum
2271 2145 2333 2170 eoe-

1389 2181 1469 2213 nobio
1489 2182 1521 2212 S.
1546 2181 1681 2213 Benedicti
1703 2182 1734 2213 3.

1350 2230 1520 2262 Pannachius
1541 2231 1689 2273 Gregorius
1709 2235 1732 2263 t.
1755 2232 1828 2270 438,
1852 2233 1924 2271 444,
1948 2234 2019 2272 445,
2045 2235 2116 2274 450,
2141 2233 2222 2276 461,
2245 2239 2328 2277 482,

1390 2282 1462 2314 495.
1485 2282 1623 2324 Philippus
1643 2283 1725 2315 iudex
1747 2283 1853 2315 Briatici
1875 2285 1947 2322 531,
1972 2285 2043 2317 532.

1349 2333 1538 2366 Pannaconum
1559 2334 1699 2375 praedium
1720 2335 1746 2366 in
1767 2335 1894 2366 Calabria
1917 2335 1987 2368 112.

1349 2385 1474 2417 Panneus
1494 2385 1549 2417 Leo
1571 2389 1590 2417 t.
1616 2385 1667 2418 37.

1349 2435 1562 2475 Παννυδῦλλια,
1584 2438 1729 2479 ΡέιηηίῦΠΙὶ,
1753 2438 1823 2470 487.

1348 2487 1493 2519 Panormiti
1514 2487 1560 2519 filii
1581 2487 1652 2520 555.

1348 2537 1482 2569 Panormo
1503 2538 1663 2578 (Guilelmus
1685 2539 1730 2579 de)
1750 2538 1893 2580 Strategus
1914 2539 2035 2580 Scyllacii
2066 2541 2192 2574 diiudicat
2223 2547 2326 2576 contro-

1388 2589 1502 2620 versiam
1525 2589 1592 2620 inter
1613 2589 1760 2630 Rogerium
1782 2590 1886 2621 itanum
1908 2596 1934 2622 et
1955 2591 2076 2623 Nicetam
2091 2592 2232 2633 Papilliuni
2253 2595 2324 2627 411.

1348 2640 1510 2673 Panormum
1532 2641 1639 2672 Siciliae
1660 2641 1763 2679 civitas,
1788 2641 1944 2683 Παιόρμον.

1428 2692 1533 2724 archivi
1554 2692 1637 2724 huius
1657 2692 1734 2725 urbis
1756 2692 1925 2724 membranae
1947 2702 2061 2735 graecae
2083 2694 2168 2727 editae
2184 2703 2200 2726 a
2215 2696 2327 2738 Iosepho

1386 2741 1488 2784 Spada,
1513 2743 1626 2784 praerat.
1650 2752 1677 2784 p.
1701 2742 1774 2774 XlV.

1428 2792 1529 2824 Domus
1550 2793 1577 2823 in
1598 2793 1692 2824 eadem
1713 2793 1748 2824 ad
1771 2794 1960 2826 monasterium
1980 2793 2032 2825 SS.
2058 2794 2195 2828 Trinitatis
2210 2798 2242 2828 de
2258 2797 2329 2830 Can-

1386 2841 1497 2873 cellario
1517 2843 1653 2884 pertinens
1675 2843 1745 2874 315.

1427 2894 1539 2926 Donatio
1561 2895 1630 2926 saeta
1651 2895 1678 2925 in
1699 2903 1765 2936 agro
1786 2894 1906 2926 eiusdem
1931 2895 1999 2926 155.

1428 2947 1526 2978 Mentio
1547 2947 1630 2988 ipsius
1655 2946 1724 2984 182,
1748 2946 1822 2978 294.

1426 2999 1598 3031 monasteria:
1622 2998 1652 3030 S.
1680 2998 1787 3030 loannis
1809 2997 1996 3040 Evangelistae
2017 2999 2090 3037 249,
2115 3000 2166 3031 SS.
2196 3000 2329 3034 Trinitatis

2038 3061 2085 3094 77
