2560 3646
1171 344 1369 380 ..576-

355 414 470 447 Basilius
492 413 626 448 Roianus,
651 409 790 452 Bugianus
810 409 850 443 rel
870 410 953 443 Boius
974 409 1207 452 Protospatharius
1228 414 1255 442 et
1298 408 1494 453 Kamxapa'ov
1516 406 1585 451 ὁδὸς,
1608 411 1717 444 oratorii
1738 411 1779 445 ria
1801 411 1828 444 la
1848 420 1915 454 egro
1934 413 2061 455 Troiano,
2085 416 2134 450 19.

315 467 467 506 Campanus
487 463 580 495 ltaliae
601 471 636 494 ox
660 462 777 494 iussione
799 461 963 494 Constantini
990 460 1181 503 Imperatoris,
1206 469 1250 492 an.
1296 460 1441 494 Catharina
1461 462 1531 504 (8.),
1554 462 1572 497 ἧ
1593 460 1666 503 οἰγία
1688 461 1868 506 Alata-rupim,
1890 464 2054 507 Ἐκατερῖνα
2075 468 2116 500 vot
2137 469 2276 509 Ἐγκωνε-

313 516 402 552 1018,
426 512 550 555 praecipit
571 520 604 543 ne
624 512 685 554 quis
707 512 814 544 auferat
835 512 906 543 bona
927 511 1113 549 ecclesiarum,
1130 515 1157 543 et
1177 521 1253 553 prac-

308 568 384 607 cipue
404 564 435 596 S.
458 563 603 601 Benedicti,
626 566 707 605 atque
728 564 858 595 eiusmodi
883 567 1023 605 praecepta
1045 563 1080 594 ab
1103 563 1161 594 aliis
1186 572 1253 604 quo-

307 626 360 659 que
381 615 537 658 Anthypatis
558 619 585 647 et
606 615 831 657 Protospathariis
851 616 915 648 data
935 616 1074 648 confirmat
1097 615 1133 647 18
1145 634 1187 639 —
1201 615 1252 647 De-

307 667 402 700 scribit
422 667 487 699 fines
507 667 567 710 agri
589 667 710 706 Troiani,
732 676 778 699 an.
802 667 882 700 1019
904 672 933 699 et
955 667 1045 706 1024,
1061 677 1088 709 p.
1108 667 1158 706 18,
1171 667 1253 698 21-

307 720 415 751 Mandat
434 719 543 751 Falconi
565 719 747 751 Turrnarcbae
777 723 808 752 ut
835 720 925 751 tradat
945 718 1083 761 2eoenobio
1114 718 1251 750 Casinensi

306 770 395 803 omnia
416 769 486 818 hona
506 778 578 811 quae
599 769 633 801 ad
653 769 799 801 Maraidum
826 769 955 801 rebellem
988 768 1180 810 pertinebant,
1204 777 1238 799 an

307 820 398 859 1021,
421 829 449 862 p.
472 819 709 852 zo—Donaverat
729 820 827 851 Basilio
848 820 882 851 de
911 819 1073 860 Crommyda
1094 819 1203 850 domum
1225 818 1249 848 in

306 873 410 905 civitate
430 872 504 904 Barii
524 872 576 904 28.
602 873 635 904 V.
660 872 772 914 praefat.
797 882 825 914 p.
849 872 939 903 xxu.

345 922 458 953 Ioannes
478 921 511 954 de
533 922 669 961 Alteraua,
694 921 928 963 Protuspatharius
950 921 1028 952 cuius
1049 919 1148 951 mentio
1173 919 1204 950 tit
1223 920 1248 950 in

307 974 456 1016 diplomatis
477 982 523 1006 an.
548 973 627 1006 1019
650 977 678 1005 et
702 973 780 1005 1024
801 983 829 1014 p.
855 973 892 1004 18
913 975 941 1003 et
963 971 1015 1002 21.

347 1026 485 1058 Tornicius
506 1025 634 1057 Contoleo
656 1024 889 1065 protospatharius
909 1026 936 1053 et
959 1022 1113 1063 Catapanus
1143 1022 1246 1053 Italiae.

304 1079 402 1110 Mentio
422 1077 514 1120 praelii
534 1078 588 1109 sub
608 1076 660 1108 boc
681 1075 817 1116 Campano
839 1074 907 1115 gesti
929 1074 964 1105 ad
985 1074 1126 1106 eeclesiam
1141 1074 1173 1105 S.
1191 1074 1249 1106 Au-

305 1134 400 1172 gustae
422 1130 449 1160 in
470 1137 536 1170 agro
557 1128 672 1160 Troiano
697 1126 746 1157 19.

346 1181 401 1212 Leo
423 1180 528 1221 (Pctus)
550 1177 852 1219 Spatharocandidatus,
869 1186 886 1208 a
908 1177 1018 1209 see-retis
1038 1181 1066 1210 et
1079 1178 1162 1210 iudex
1177 1178 1248 1209 Lon-

305 1230 448 1273 gobardiae
469 1232 496 1261 et
517 1229 671 1268 Calabriae,
689 1238 734 1260 an.
755 1229 847 1267 1026,
864 1228 961 1261 addicit
976 1231 1179 1263 monasterias.
1198 1231 1248 1262 Pe-

302 1284 337 1314 tri
359 1282 504 1324 imperialis
525 1281 664 1323 praedium
686 1284 869 1323 nuncupatum
900 1282 982 1313 Muru
1011 1286 1101 1314 vetere
1122 1282 1161 1313 22
1176 1307 1184 1320 ,
1222 1286 1249 1314 et

303 1336 416 1377 praefat.
439 1344 467 1377 p.
490 1334 581 1366 xxn.

344 1386 448 1418 Pothus
469 1385 601 1428 Argyrius
623 1385 856 1427 Protospatharius
877 1389 904 1417 et
915 1386 1070 1427 catapanus
1085 1386 1244 1424 1taliae,an.

305 1435 386 1469 1032
405 1461 412 1475 ,
437 1437 577 1468 confirmat
597 1436 737 1467 Casincusi
757 1435 885 1467 coenobio
913 1436 1105 1476 possessionem
1126 1436 1246 1476 praedio-

302 1498 364 1521 rum
385 1489 413 1520 in
434 1488 538 1520 ambitu
561 1488 684 1519 thematis
706 1486 909 1528 Longobardiae
932 1486 1014 1518 21-
1027 1487 1174 1519 Confirmat
1195 1487 1246 1518 Ba-

305 1539 364 1570 silio
384 1538 417 1569 de
437 1537 596 1578 Crommyta
616 1537 814 1568 concessionem
835 1536 978 1567 cuiusdam
993 1536 1089 1568 domus
1103 1537 1128 1566 in
1143 1537 1246 1567 civitate

304 1590 374 1621 Barii
397 1589 515 1630 positae,
539 1588 624 1619 eidem
647 1588 743 1619 saetam
764 1596 781 1618 a
803 1587 1021 1628 protospathario
1035 1588 1132 1619 Basilio
1146 1588 1245 1620 Boiano

306 1643 356 1674 28.
381 1641 415 1673 V.
438 1641 553 1683 praefat.
577 1640 682 1672 xxm.

344 1691 537 1723 Constantinus
559 1689 635 1732 Opus
656 1690 791 1723 Patricius
811 1694 839 1722 et
864 1690 1020 1732 Catapauus
1051 1691 1143 1723 ltaliae
1156 1717 1163 1730 ,
1197 1700 1241 1723 an.

305 1743 397 1782 1034,
419 1743 560 1775 confirmat
580 1745 740 1775 monasterio
761 1743 814 1774 SS.
839 1742 971 1784 Deiparae
997 1743 1023 1774 in
1049 1744 1146 1775 montis
1169 1744 1243 1774 Arati

298 1794 466 1836 pertiuentiis
487 1794 573 1835 posito
594 1793 787 1831 immunitates,
799 1801 868 1834 quas
889 1792 1018 1834 Catapani
1039 1794 1098 1825 eius
1119 1802 1243 1834 praeces-

300 1851 376 1875 sores
397 1843 483 1875 eidem
504 1844 666 1875 monasterio
679 1847 868 1876 concesserant
883 1842 934 1881 32,
950 1848 977 1874 01
991 1844 1075 1885 praef.
1091 1853 1118 1885 p.
1136 1844 1240 1876 xxnt.

340 1894 461 1936 Argyrns
482 1894 619 1936 Magister,
643 1895 733 1926 Vestis
753 1898 781 1927 et
802 1895 863 1926 Dux
885 1894 991 1933 Italiae,
1015 1894 1156 1926 Calabriae
1170 1920 1178 1933 ,
1201 1895 1243 1926 Si-

301 1945 378 1977 ciliae
397 1954 429 1977 ae
450 1945 648 1988 Paphlagoniae
669 1946 729 1978 Meli
750 1946 821 1978 filius
841 1946 980 1978 confirmat
993 1946 1136 1979 Ambrosio
1160 1947 1241 1978 Prae-

295 1999 381 2039 posito
402 1999 554 2031 monasterii
575 1998 606 2030 S.
631 1999 734 2031 Nicolal
755 1999 789 2031 de
810 1999 940 2041 Monopoli
960 2000 1093 2041 quaedam
1108 2000 1242 2041 privilegia

301 2053 328 2080 et
351 2049 541 2087 immunitates,
565 2057 610 2080 an.
637 2049 727 2088 1054,
751 2059 779 2091 p.
804 2049 855 2087 53,
879 2054 906 2080 et
925 2051 1037 2091 praerat.
1062 2059 1089 2091 p.
1115 2049 1215 2081 xxttl.

340 2100 438 2132 Mentio
460 2099 670 2142 Protospatharii
695 2099 762 2131 Rusi
783 2099 959 2131 Charzanitae
981 2099 1031 2131 53.

343 2150 490 2182 Antiochus
512 2150 655 2192 imperialis
677 2150 913 2192 protospatharius
933 2154 960 2182 et
985 2150 1130 2191 Strategus
1161 2150 1241 2182 Cala-

298 2202 384 2238 briae,
408 2210 452 2233 an.
478 2201 570 2238 1059,
593 2211 619 2243 p.
649 2201 687 2233 57
711 2204 739 2232 et
760 2201 812 2239 58,
835 2205 862 2232 et
881 2201 995 2242 praerat.
1020 2210 1049 2242 p.
1073 2200 1178 2232 XXIII.

340 2253 437 2285 Mentio
458 2252 736 2294 Protospathariorum
757 2251 889 2292 Catocyri,
913 2251 1094 2293 Sympathicii,
1107 2252 1239 2292 Gregorii,

301 2305 438 2346 Medalspi,
462 2303 542 2340 Falci,
567 2303 659 2342 Pothi,
681 2302 812 2341 Delfinae,
834 2302 951 2337 Genesii.
978 2301 1103 2339 Romani,
1120 2302 1239 2339 loannis,

301 2354 447 2392 Theodori,
469 2354 568 2392 Alexii,
593 2353 684 2395 Xiphi,
707 2354 734 2384 in
755 2353 897 2394 diplomate
918 2361 963 2383 an.
989 2353 1078 2391 1018,
1102 2361 1129 2393 p.
1157 2352 1205 2383 18.

261 2404 414 2446 Catapanus
434 2405 612 2437 Acheronti-te
633 2405 706 2443 231,
728 2404 852 2436 Crotonis
867 2404 939 2441 208,
955 2404 1049 2435 Nohae
1070 2405 1197 2436 diiudicat
1211 2404 1240 2435 li-

304 2460 358 2485 tem
379 2455 452 2493 241,
478 2454 583 2486 Olettae
606 2455 678 2493 216,
702 2455 851 2487 251-Ει
873 2454 986 2496 lingone
1012 2454 1143 2487 Faleando
1168 2454 1240 2495 (Bi-

299 2506 435 2538 bliotheca
460 2507 567 2544 Sicula,
586 2512 650 2538 tom.
675 2506 701 2538 1.
717 2507 768 2547 fol.
785 2507 870 2549 498.)
886 2510 988 2538 constat
1003 2506 1055 2538 sub
1070 2506 1242 2538 Norttnannis

301 2557 422 2599 Regibus
436 2558 586 2600 Catapanos
601 2563 680 2600 atque
695 2558 835 2600 Strategos
855 2558 962 2590 habitos
984 2558 1068 2590 fuisse
1090 2558 1183 2590 eodem
1198 2568 1241 2589 or-

298 2608 357 2638 dine
380 2617 411 2639 ac
433 2609 604 2646 lustitiarios‚
628 2608 802 2650 stratigotos,
827 2607 1009 2640 Camerarios.

264 2657 417 2698 catapanus
439 2657 566 2689 Nicolaus
586 2666 725 2699 possessor
739 2658 838 2699 praedii
854 2658 896 2690 siti
910 2659 937 2690 in
952 2658 1025 2690 Colle
1041 2658 1153 2691 Cesinae
1171 2659 1240 2697 19-1,

303 2710 372 2740 195.

262 2758 433 2792 Cataractum
453 2770 483 2791 n.
509 2761 528 2792 l.
554 2763 579 2793 in
601 2770 666 2804 agro
689 2762 827 2794 Messanae
849 2763 920 2794 378.

265 2809 360 2841 Cataro
381 2811 518 2851 (Basilius,
543 2813 641 2845 Consta
664 2814 760 2856 aliique
781 2814 825 2855 de)
849 2824 889 2846 vv.
915 2815 986 2846 559.

262 2860 453 2898 Κατηκῆτης,
478 2863 632 2900 catechista,
656 2863 727 2895 226.

265 2910 353 2940 Cateci
377 2910 476 2942 Donata
496 2913 550 2944 filia
571 2915 685 2947 defuncti
707 2916 810 2948 Nicolai
831 2916 939 2949 domum
971 2917 1052 2948 donat
1082 2917 1242 2949 monasterio

305 2963 335 2993 S.
359 2962 444 2995 Mauri
466 2965 599 3006 Gallipolis
622 2967 692 3000 520.

1336 511 1408 555 ρι’να,
1434 514 1490 546 ital.
1518 514 1603 547 santa
1628 515 1764 547 Catarina
1788 515 1920 553 Pizzileo,
1949 516 2092 549 Calabriae
2112 520 2246 560 oppidum.

1378 566 1547 597 Castellanus
1568 567 1652 598 dictae
1675 573 1762 600 terrae
1785 568 1972 600 Berbenzonus
1994 569 2065 600 355.

1377 616 1480 648 Domini
1502 617 1596 658 ipsius:
1613 617 1775 660 sichelgaita
1789 619 1868 650 vidua
1884 619 1983 652 Odonis
1997 618 2130 650 Marchisii
2147 618 2217 651 128.
2241 620 2274 652 V.

1335 666 1692 709 Sichelgaita—Matthaeus
1713 671 1804 703 Arena
1825 671 1896 703 353.

1376 719 1438 751 Loci
1460 729 1554 756 nomen
1577 721 1730 754 Umbritum
1752 723 1824 755 353.

1376 769 1503 810 Magister
1523 771 1706 804 Cancellarius
1728 774 1840 804 loannes
1862 773 1932 806 220.

1375 820 1504 851 Notarius
1532 826 1558 852 et
1579 822 1662 854 iudex
1683 816 1738 854 Leo
1760 823 1791 853 S.
1817 824 1959 856 Panchartt
1981 823 2053 861 353,
2077 823 2149 855 355.

1375 870 1500 903 Praedia:
1524 872 1676 903 Monasterii
1698 874 1729 905 S.
1754 874 1882 915 Stephani
1905 874 2085 907 Eremitarum
2106 873 2167 906 353
2184 898 2192 912 ,
2218 874 2279 906 Pla-

1334 924 1420 964 topodi
1442 923 1513 962 354,
1537 924 1632 966 Ziglari
1656 925 1727 956 353.

1374 973 1503 1015 Strategi:
1527 974 1653 1006 Nicotaus
1674 975 1747 1014 220,
1769 976 1862 1008 Rhaus
1886 977 1958 1009 197.

1291 1043 1333 1051 —-
1353 1025 1489 1065 (Nicolaus
1510 1027 1544 1057 de
1564 1026 1610 1067 S.)
1630 1026 1682 1057 27.
1707 1027 1741 1060 V.
1765 1027 1925 1070 Crommyda
1946 1028 2073 1069 (Basilius
2092 1029 2149 1070 de).

1290 1095 1332 1100 —
1354 1077 1459 1117 (Rhaus
1480 1078 1514 1108 de
1535 1077 1580 1118 S.)
1601 1081 1622 1109 t.
1647 1076 1720 1109 324.

1291 1125 1416 1158 Cathario
1438 1127 1606 1167 (Theodorus
1627 1128 1671 1165 dc)
1694 1138 1720 1160 v.
1747 1129 1816 1160 185.

1291 1178 1408 1210 Catheca
1429 1179 1586 1210 Theodorus
1607 1180 1678 1211 518.
1705 1180 1739 1211 V.
1763 1181 1879 1213 Barinus
1901 1180 2025 1222 Sergius.

1290 1231 1465 1264 Cathetzanes
1486 1231 1636 1263 Therianus
1658 1237 1678 1263 t.
1702 1231 1773 1264 280.

1290 1283 1449 1315 Cathitzuno
1471 1284 1512 1324 (S.
1536 1285 1622 1315 Maria
1642 1285 1685 1326 de)
1706 1285 1778 1316 429.

1290 1335 1425 1367 Catholiea
1445 1335 1488 1376 (S.
1511 1336 1613 1367 Nicolai
1634 1337 1678 1377 de)
1699 1337 1889 1369 Monasterium
1912 1337 1983 1370 120.

1290 1386 1403 1417 Catillus
1424 1386 1540 1418 Basilius
1560 1397 1587 1418 v.
1614 1387 1682 1419 183.

1291 1437 1443 1475 Κατόνομα
1465 1442 1492 1469 et
1512 1437 1683 1476 κατόνομαν,
1706 1439 1847 1477 indiculus,
1871 1439 1923 1477 76,
1948 1440 1987 1471 ’Π
2010 1443 2037 1471 et
2057 1439 2134 1472 alibi.

1289 1488 1433 1519 Catrieium
1455 1497 1482 1519 n.
1507 1488 1526 1519 1.
1552 1488 1578 1519 in
1600 1497 1666 1530 agro
1688 1488 1772 1520 Aetae
1794 1489 1866 1519 329.

1288 1539 1420 1572 Cattobus
1441 1540 1541 1571 Consta
1561 1540 1642 1572 donat
1662 1541 1802 1582 praedium
1824 1541 1984 1572 monasterio
2006 1541 2037 1573 S.
2061 1540 2169 1572 Nicotat
2177 1540 2211 1572 de
2221 1540 2269 1571 Ci-

1327 1590 1401 1632 pullo
1423 1590 1493 1622 335.

1288 1642 1433 1674 Catthusae
1454 1645 1571 1683 tympau,
1589 1640 1760 1675 nzSSoiicas
1780 1642 1908 1681 τῦμταν,
1933 1653 1962 1675 n.
1987 1643 2006 1675 l.
2029 1644 2056 1675 in
2077 1642 2204 1675 Calabria
2215 1642 2266 1685 50.

1287 1693 1419 1725 Catuhina
1440 1702 1467 1724 n.
1494 1693 1513 1725 l.
1538 1693 1564 1724 in
1584 1702 1650 1734 agro
1672 1693 1792 1726 Vibonae
1814 1694 1886 1726 495.

1287 1744 1404 1775 Κατύνα
1425 1745 1475 1776 66.

1286 1793 1359 1826 Cava
1381 1803 1409 1826 n.
1434 1794 1453 1826 1.
1479 1794 1530 1827 62.

1286 1844 1373 1876 Cavae
1394 1844 1586 1876 monasterium
1608 1842 1660 1875 SS.
1685 1843 1832 1876 Trinitatis.
1857 1844 1891 1876 V.
1915 1844 2031 1876 Mouast.

1286 1894 1406 1926 Causare
1426 1902 1473 1935 pro
1495 1894 1567 1925 litem
1588 1902 1694 1926 movere
1717 1895 1746 1926 3.

1285 1945 1383 1977 Cavuri
1405 1946 1478 1976 rivus
1523 1945 1593 1977 165.

1285 1996 1389 2027 Cellara
1410 1995 1510 2027 Helena
1528 1995 1601 2028 484.

1286 2045 1490 2087 Κελλαράριος,
1513 2045 1679 2083 cellerarius,
1702 2046 1775 2077 478.

1285 2097 1382 2129 Cellari
1403 2098 1530 2137 (Arcudis
1552 2098 1595 2137 de)
1618 2107 1643 2128 v.
1670 2098 1720 2129 78.

1284 2149 1350 2180 Celti
1372 2149 1477 2180 loannis
1496 2148 1541 2180 filii
1562 2157 1729 2190 possessores
1751 2149 1890 2180 molendini
1912 2149 2060 2191 Arsaphiae
2082 2150 2153 2182 556.

1286 2198 1412 2237 Κέλλια,
1434 2199 1528 2237 cellae,
1552 2199 1602 2230 88.

1283 2251 1396 2282 Celenae
1417 2252 1555 2293 praedium
1576 2253 1600 2282 in
1623 2259 1688 2292 agro
1710 2251 1831 2291 Scsllacii
1854 2253 1926 2283 552.

1284 2300 1370 2332 Celsio
1391 2301 1564 2340 Scyllacensis
1585 2301 1713 2332 ecelesiae
1733 2302 1854 2342 episcopo
1881 2302 2013 2342 Rogetius
2045 2302 2105 2334 Rex
2126 2304 2268 2335 confirmat

1326 2352 1375 2382 wia
1396 2352 1539 2392 diplomata
1562 2351 1631 2382 182.
1829 2378 1832 2382 .

1284 2400 1423 2443 Cenapiari
1445 2401 1602 2432 Theodorus
1623 2401 1687 2431 emit
1714 2400 1852 2441 praedium
1878 2409 1895 2432 a
1916 2401 2088 2433 Constantino
2109 2401 2264 2442 presbytero

1324 2455 1355 2487 8.
1380 2453 1480 2486 Nicolai
1505 2453 1553 2484 13.

1284 2507 1399 2538 Census.
1426 2505 1458 2536 V.
1483 2497 1682 2545 Emphyteusis.

1284 2559 1452 2590 Centriorum
1473 2557 1583 2598 praedia
1605 2556 1631 2587 in
1652 2565 1718 2597 agro
1740 2556 1840 2588 Burelli
1864 2557 1935 2587 417.

1284 2610 1442 2642 Centromae
1463 2618 1491 2640 n.
1516 2608 1537 2639 1.
1561 2608 1588 2639 in
1609 2616 1674 2648 agro
1697 2607 1817 2639 Circlarii
1839 2607 1912 2639 264,

1285 2659 1414 2691 Centucla
1436 2658 1549 2690 loannes
1571 2661 1714 2699 protopapa
1743 2662 1770 2688 et
1792 2657 1941 2689 tabularius
1962 2657 1992 2687 S.
2017 2656 2162 2689 Severinae
2190 2658 2262 2689 287.

1285 2711 1455 2748 Ceorcidum,
1480 2707 1635 2751 κεορκήδον,
1658 2718 1686 2741 n.
1712 2709 1732 2741 Ι.
1755 2710 1782 2740 111
1803 2718 1869 2750 agro
1890 2708 2012 2739 Badulati
2034 2708 2106 2740 ¹189.

1286 2761 1443 2800 Κεφάλαιον
1465 2761 1556 2792 tributi
1578 2769 1665 2801 genus
1686 2761 1713 2791 in
1734 2761 1821 2801 capita
1842 2759 1977 2791 distributi
2000 2759 2061 2790 534
2083 2765 2109 2790 et
2131 2768 2204 2801 seqq.

1286 2811 1526 2853 Κεφαλατικεύειν,
1549 2812 1683 2853 possidere
1705 2811 1764 2842 533
1786 2816 1812 2842 et
1834 2820 1908 2853 seqq.

1287 2863 1503 2904 Kesoemari'mon
1528 2865 1570 2894 ius
1591 2863 1789 2900 dominationis,
1813 2862 1884 2899 533,
1906 2867 1934 2893 et
1955 2871 2028 2904 seqq.

1285 2916 1462 2958 Cephaloniae
1482 2916 1624 2957 strategus
1643 2914 1839 2956 Sympathicius
1862 2914 2109 2956 ProtospathariuS.
2128 2915 2160 2947 V.
2186 2915 2266 2946 Cata-

1324 2976 1396 3009 paui.
