2652 3762
2184 376 2234 407 vn

299 459 439 503 sedulo
465 456 727 508 alacriterque
744 464 831 497 eum
860 453 1048 504 colerent,
1069 454 1109 492 et
1127 460 1240 502 quam
1259 450 1512 492 libentissime
1540 455 1795 505 usurparent3
1818 455 2059 494 caeterarum
2077 462 2170 495 vero
2196 462 2284 503 pro·

298 527 526 576 vinciarum,
554 524 695 574 quibus
721 520 833 572 potiti
859 520 1042 569 luerunt,
1070 519 1225 567 linguas
1251 518 1463 557 abolendas
1492 518 1738 568 iudicarunt,
1775 518 1883 558 illato
1914 525 2094 558 sermone
2125 516 2285 567 latiari,

299 588 412 629 euius
437 585 630 627 maiestati
657 586 696 623 et
722 582 940 633 elegantiae
974 581 1070 622 nihil
1107 581 1212 631 quod
1240 580 1459 631 comparari
1485 583 1623 631 posset
1649 579 1775 619 inerat
1802 580 1973 629 gentium
2001 581 2284 621 debellatarum

297 649 647 757 se'waitziis'tnist-iaum
674 714 829 755 quoque
856 704 1016 745 Romani
1044 704 1287 754 Principatus
1314 704 1351 741 in
1380 704 1516 742 urbem
1550 691 1782 753 Byzantium
1806 702 2076 751 migrationem
2112 701 2279 741 Helleni-

296 782 404 815 smus
429 768 727 818 haudquaquam
748 768 879 807 iussus
898 767 986 806 inde
1005 767 1077 806 fuit
1095 766 1289 806 exsulare.
1311 764 1581 803 Verumtamen
1602 765 1838 804 diffitendum
1858 774 1933 804 non
1953 767 2027 812 est,
2048 767 2139 811 quin
2160 763 2275 802 Grae-

296 834 428 875 canica
455 830 587 880 lingua
615 830 823 880 plurimum
858 829 1146 879 depravationis
1173 838 1219 866 ea
1246 830 1476 876 tempestate
1505 827 1721 875 pertulerit.
1753 827 1857 865 Namv
1875 837 1962 866 cum
1990 826 2027 864 in
2057 825 2279 873 Principum

292 891 449 946 palatiis
476 890 672 931 Romanus
689 919 700 941 ,
729 895 773 931 ut
798 890 922 939 inquit
949 889 1117 939 cangius
1145 887 1202 939 (l)
1218 918 1230 939 ,
1269 889 1370 937 apud
1399 887 1593 926 Romanos
1622 897 1713 926 vcro
1743 887 1913 927 Graecus
1945 897 2101 937 semper
2127 886 2279 935 vigeret

291 963 438 1004 sermo,
467 963 631 994 necesse
658 954 744 1005 l'uit,
764 957 808 992 ut
825 952 985 992 Romani
1013 951 1382 1001 Graecum,>Graeci
1412 950 1624 990 Romanum
1653 951 1915 1000 addiscerent,
1936 951 2071 999 quoin
2091 955 2279 989 commer-

291 1018 364 1059 eila
390 1020 431 1057 et
456 1016 713 1056 familiaribus
748 1017 930 1066 alloquiis
957 1026 1046 1056 sese
1073 1015 1243 1055 vicissim
1280 1015 1555 1063 intelligerent.
1587 1013 1663 1052 Sed
1692 1013 1782 1051 dum
1816 1012 1976 1051 Romani
2010 1012 2209 1060 Graecae,
2239 1014 2280 1050 et

292 1078 429 1120 Graeci
458 1077 652 1118 Romanae
679 1068 1120 1127 linguaecognitionem
1149 1077 1352 1116 inchoatae
1380 1077 1577 1115 dumtaxat
1607 1075 1960 1124 consequebantur,
1990 1083 2100 1112 suam
2132 1072 2280 1112 dedidi-

291 1150 382 1181 cere
410 1138 570 1180 Romani
597 1139 783 1190 linguam,
813 1149 1000 1188 suamque
1029 1139 1165 1179 Graeci
1185 1148 1396 1188 corrupere
1415 1138 1574 1178 vocibus
1596 1146 1802 1187 perperam
1820 1147 1843 1175 a
1864 1135 2024 1186 Latinis,
2045 1135 2285 1184 quibuscum·

293 1201 468 1253 quotidie
494 1200 764 1250 versabantur,
794 1201 939 1251 petitis,
969 1204 1008 1240 et
1034 1201 1261 1240 inconcinne
1290 1200 1566 1249 invenusteque
1594 1199 1784 1238 conlietis.

395 1261 445 1302 Ut
471 1261 574 1311 apud
601 1260 860 1312 Byzantinos,
896 1262 949 1301 ita
977 1266 1016 1301 et
1042 1262 1144 1312 apud
1173 1265 1328 1301 nostros
1357 1261 1525 1301 Graecos
1553 1262 1766 1310 contigisse
1798 1259 2004 1300 dicendum
2030 1261 2105 1299 est.
2136 1229 2276 1298 Abole-

288 1323 392 1365 l'acta
418 1323 573 1373 quidem
600 1332 677 1362 non
704 1322 776 1362 ruit
803 1323 1049 1363 Coloniarum
1078 1323 1336 1362 Romanarum
1364 1323 1528 1362 adventu
1556 1324 1703 1373 lingua,
1737 1322 1799 1361 cui
1835 1321 1957 1361 Roma
1983 1320 2119 1361 victrix
2147 1320 2276 1360 fasces

287 1388 549 1438 submiserat3
579 1387 650 1426 sed
678 1387 902 1427 vetustioris
929 1388 1077 1426 l'ormae
1105 1387 1430 1437 pulchritudinem
1459 1397 1504 1425 ac
1533 1387 1698 1425 nitorem
1726 1385 1882 1436 amisit,
1921 1385 2062 1434 quippe
2091 1394 2191 1432 quae
2218 1384 2271 1423 lo-

288 1453 510 1494 cutionibus
537 1453 771 1493 advenarum
801 1454 975 1503 quotidie
1001 1454 1244 1493 foedabatur.
1275 1453 1373 1492 lluie
1401 1463 1492 1492 vero
1520 1453 1758 1502 corruptioni
1779 1462 1854 1491 non
1873 1461 1997 1500 aeque
2024 1450 2131 1500 pagi,
2152 1453 2272 1498 atque

285 1514 421 1565 urbes,
450 1514 608 1555 obnoxii
634 1514 809 1554 fuerunt.'
836 1514 1008 1563 Namque
1034 1515 1072 1553 in
1101 1515 1277 1563 urbibus,
1308 1515 1372 1553 ubi
1402 1514 1577 1553 coloniae
1605 1514 1876 1562 consederant,
1906 1512 2087 1560 civesque
2107 1510 2271 1550 Romani

285 1586 363 1618 uon
391 1577 505 1628 pauci
532 1577 723 1618 diversari
751 1581 791 1617 et
817 1578 998 1616 rusticari
1026 1581 1322 1628 consueverunt,
1353 1578 1500 1617 Graeco
1521 1578 1690 1617 sermoni
1709 1578 1875 1627 amplius
1895 1574 2180 1625 depravationis
2200 1575 2273 1614 im-

285 1642 479 1689 portatum
508 1642 596 1689 est‚
626 1649 741 1688 quam
768 1638 807 1677 in
834 1639 948 1688 pagis
966 1668 977 1689 ‚
1007 1639 1072 1688 qui
1101 1639 1405 1679 commoratione
1433 1644 1472 1679 et
1499 1640 1734 1680 commercio
1762 1642 1985 1679 exterorum
2015 1637 2142 1676 miuus
2171 1636 2270 1676 cele-

282 1699 512 1740 brabantur.

387 1761 481 1801 Cum
509 1770 627 1812 porro
654 1762 846 1801 barbarae
874 1762 1075 1814 nationes,
1105 1773 1127 1802 e
1155 1763 1380 1812 regionibus
1407 1764 1661 1813 luperboreis
1689 1764 1916 1814 proiectae,
1947 1762 2096 1802 ltaliam
2124 1762 2266 1812 petive-

281 1825 386 1873 runt,
416 1826 456 1862 et
481 1822 580 1863 haec
607 1823 699 1863 olim
728 1828 962 1874 praepotens
990 1829 1029 1864 et
1055 1825 1195 1874 inclyta
1224 1825 1341 1864 totius
1369 1835 1492 1874 prope
1520 1825 1626 1864 orbis
1652 1829 1844 1864 terrarum
1871 1825 2101 1864 dominatrix
2129 1825 2167 1862 in
2197 1823 2269 1863 Go-

283 1885 438 1926 thorum
466 1888 699 1936 potestatem
719 1887 836 1937 venit,
857 1890 1014 1927 nostrae
1034 1888 1188 1937 quidem
1209 1887 1379 1926 Graecae
1398 1887 1515 1931 urbes
1541 1887 1711 1937 linguam
1730 1887 1982 1935 institutaque
2001 1896 2070 1926 sua
2090 1885 2268 1936 perinde,

284 1958 330 1987 ac
357 1948 508 1997 reliqua
536 1948 660 1998 ltalia,
689 1949 945 1989 retinuerunt.
978 1950 1188 1990 Gothorum
1216 1950 1318 1989 enim
1347 1949 1488 2000 Reges,
1518 1961 1564 1990 ac
1591 1951 1822 2000 praesertim
1848 1950 2113 1990 Theodericus
2142 1949 2267 1989 eonsi-

282 2010 335 2049 lia
361 2014 400 2050 et
424 2011 663 2051 hortationes
682 2011 903 2051 Cassiodori
924 2022 1168 2051 romanarum
1188 2023 1316 2051 rerum
1336 2015 1638 2068 propugnatoris
1654 2014 1833 2052 acerrimi
1850 2023 1925 2052 non
1941 2013 2139 2062 aspernati
2159 2015 2266 2064 sunt,

283 2074 323 2109 et
342 2070 469 2120 gentis
487 2081 583 2112 suae
601 2072 835 2122 barbariem,
856 2082 932 2113 non
951 2073 1134 2113 italorum
1152 2073 1409 2112 urbanitatem
1428 2074 1710 2123 profligandam
1729 2083 1817 2114 esse
1837 2077 2067 2114 statuerunt.

1209 2330 1325 2387 ΙΙΙ.

379 2540 627 2591 compertum
652 2543 809 2593 quidem
838 2542 950 2583 nobis
970 2544 1030 2582 est
1049 2552 1122 2582 non
1144 2543 1315 2584 defuisse
1343 2545 1613 2594 antiquitatum
1642 2548 1862 2586 nostrarum
1881 2548 2154 2601 vestigatores,
2177 2551 2260 2600 qui-

273 2605 346 2644 bus
374 2604 597 2654 ambiguum
634 2606 757 2645 visum
794 2606 985 2656 estquod
1014 2606 1102 2646 heic
1129 2617 1200 2647 nos
1235 2608 1547 2658 adfirmavimus,
1585 2609 1860 2649 llellenismum
1896 2611 2045 2651 scilicet
2080 2617 2259 2653 nostrum

272 2668 387 2710 vitam
414 2669 655 2719 protraxisse
683 2682 754 2721 per
781 2682 895 2711 omne
923 2683 1073 2722 aevum,
1095 2673 1198 2722 quod
1218 2674 1405 2713 haetenus
1425 2675 1619 2724 persecuti
1642 2684 1788 2714 sumus.
1811 2675 1905 2714 Nam
1935 2675 2155 2716 lllazoebius
2184 2677 2255 2728 (2),

270 2733 310 2770 et
328 2730 485 2781 lguarra
504 2729 563 2781 (3)
581 2731 672 2772 huic
691 2741 763 2773 suo
782 2733 924 2783 insigni
951 2734 1140 2783 magistro
1169 2745 1318 2775 summa
1347 2736 1595 2776 veneratione
1616 2739 1655 2776 ct
1673 2745 1807 2777 amore
1834 2736 2032 2778 devinctus
2057 2747 2128 2787 pro
2149 2742 2258 2779 certo

349 2910 397 2953 (l)
417 2911 559 2953 Praesat.
582 2913 628 2945 ad
652 2914 750 2946 Gloaa.
773 2914 857 2947 Med.
880 2918 910 2946 et
931 2914 994 2955 lnl'.
1021 2915 1132 2948 Graec.
1157 2914 1172 2955 §
1195 2916 1247 2947 IV.

350 2963 397 3004 (ἱ)
418 2967 463 2998 De
483 2967 698 3007 Neapolitana
721 2967 907 3001 cathedrali
927 2977 1052 3009 semper
1072 2969 1183 3007 unica,
1205 2978 1240 3009 p.
1265 2969 1308 3002 11.
1332 2978 1359 3000 e.
1383 2970 1426 3001 11.

350 3016 398 3059 (3)
420 3019 464 3051 De
485 3020 644 3054 Phrati-ii·
662 3022 779 3063 primia
803 3022 997 3056 Graecorum
1015 3022 1159 3063 politicis
1180 3022 1396 3061 societatibus,
1418 3032 1496 3064 paq.
1524 3025 1596 3057 15¹.
