2652 3762
2144 401 2232 438 xxiii

300 485 541 527 nequaquam
571 478 712 527 potest.
743 473 924 513 Eiusdem
954 471 1174 522 diplomatis
1203 471 1352 510 Gallula
1374 470 1493 510 edidit
1520 470 1676 511 latinam
1713 476 1857 513 tantum
1895 474 2123 524 versionem,
2164 487 2279 523 «piam

299 549 369 579 nos
396 540 444 578 ad
473 539 586 579 iidem
614 536 743 587 graeei
772 535 1004 584 exemplaris
1032 533 1225 574 nonnullis
1245 533 1281 571 in
1303 533 1397 572 locis
1426 533 1664 584 refluximus,
1685 545 1769 573 cnm
1789 536 1967 584 plumbea
1997 537 2101 576 bulla
2118 537 2278 586 ‚duplici

297 599 562 649 inscriptione,
592 606 732 646 graecu
762 605 898 644 ueinpe
926 598 964 634 et
992 595 1108 634 latina
1137 593 1378 643 consignata,
1407 604 1506 643 quae
1534 595 1649 634 hodie
1678 595 1936 634 desideratur.

399 658 637 699 Membrana
664 654 736 694 XX
748 654 782 694 V.
799 676 852 684 -
869 655 920 694 Ex
941 656 1210 703 instrumento,
1231 654 1336 703 quod
1354 655 1451 703 llaec
1470 656 1691 694 membrana
1711 657 1995 706 complectitur,
2017 658 2171 698 elicitur
2194 669 2279 699 ven-

296 723 479 763 ditionem
507 720 647 758 domus
675 719 814 757 laetam
843 718 964 758 tuisse
993 716 1643 775 NQsssO-Q-SQQVAECMOPQR
1671 729 1693 757 a
1720 718 1859 758 Basilio
1884 719 1931 757 de
1956 720 2180 770 (Ii-ommyda
2210 732 2279 770 per
2340 757 2341 765 ,

2337 683 2345 750 i

295 785 334 824 id
363 781 562 831 temporis,
592 790 670 828 quo
697 779 814 820 l‘otus
843 780 976 820 ltaliae
1004 779 1222 828 Catapanus
1249 779 1334 817 fuit.
1366 778 1402 818 ts
1429 789 1520 818 vero
1548 781 1767 820 huiusmodi
1786 791 1945 821 munere
1966 781 2117 820 iunctus
2137 788 2195 821 est
2215 795 2277 821 an-
2340 784 2341 787 ’

294 847 353 885 nis
382 845 551 893 quinque
569 873 580 894 ,
610 854 747 893 nempe
775 844 824 883 ab
852 854 951 882 anno
982 843 1077 881 1021
1109 843 1158 881 ad
1185 852 1328 882 annum
1357 841 1471 881 1032.
1502 842 1580 882 Nos
1607 844 1704 883 hanc
1729 845 1824 884 XXV
1861 846 2122 885 membranam
2152 850 2275 885 extre-

292 915 354 945 mo
382 905 467 945 l‘oti
491 914 592 945 anino
620 905 848 954 signandam
873 899 1064 954 duximus,
1086 914 1172 942 cum
1191 904 1293 942 desit
1311 904 1469 953 quaevis
1487 904 1762 954 chronologica
1783 910 1886 957 nota,
1907 918 2007 956 quae
2027 909 2192 948 suadere
2213 919 2276 946 no-

289 970 353 1008 bis
380 970 519 1019 possit,
549 972 591 1008 ut
618 979 702 1007 eam
721 968 770 1007 ad
797 969 965 1017 aliquem
994 967 1308 1017 praecedentium
1336 971 1501 1016 quatuor
1529 977 1714 1007 annorum
1743 970 2051 1021 amandaremus‚
2082 976 2121 1011 ct
2149 972 2275 1010 diren-

290 1031 394 1070 ditae
422 1032 560 1072 domus
587 1031 759 1081 donatio,
781 1041 896 1079 quam
926 1030 1091 1069 Basilius
1111 1030 1278 1069 Boianus
1297 1030 1422 1069 eidem
1441 1029 1692 1079 Crommydae
1709 1030 1868 1080 fecerat,
1886 1032 2108 1072 confirmata
2128 1044 2149 1072 a
2174 1033 2269 1073 Poto

289 1094 440 1134 dicatur
467 1103 567 1134 anno
598 1094 711 1143 1031,
750 1094 786 1132 in
816 1103 893 1142 quo
921 1093 1079 1132 indictio
1106 1092 1203 1142 XtV,
1233 1103 1332 1142 quae
1361 1093 1398 1132 in
1425 1093 1648 1132 membrana
1676 1094 1833 1143 legitur,
1863 1094 2108 1133 decurrebat.

390 1154 633 1195 Membrana
661 1154 731 1193 XX
742 1153 1166 1192 VIII—Constantinus
1195 1153 1299 1203 Opus
1328 1164 1414 1193 cum
1442 1155 1492 1193 ab
1518 1163 1619 1193 anno
1650 1153 1748 1192 1033
1777 1155 1826 1194 ad
1854 1165 1992 1193 annum
2024 1155 2118 1193 1037
2159 1155 2268 1195 Cata-

286 1219 375 1268 pani
403 1228 542 1258 munus
562 1218 599 1256 in
618 1218 679 1257 his
699 1218 842 1256 nostris
863 1216 1070 1266 provinciis
1090 1216 1268 1266 obiverit,
1290 1220 1464 1255 nostrum
1483 1216 1652 1266 diploma
1670 1217 1719 1255 ab
1738 1217 1824 1266 ipso
1843 1217 1974 1256 datum
1995 1217 2202 1256 indictione
2224 1218 2272 1257 ill

285 1290 418 1320 mense
445 1279 643 1319 novembri
672 1279 863 1318 conscribi
893 1288 968 1318 non
997 1278 1136 1328 potuit,
1167 1277 1240 1317 nisi
1259 1288 1360 1317 anno
1383 1278 1480 1316 1034
1499 1279 1745 1318 membranae
1765 1290 1785 1318 a
1806 1280 1918 1319 nobis
1946 1279 2133 1330 praefixo,
2161 1280 2269 1319 cuius

284 1342 372 1382 anni
399 1341 548 1381 mensis
577 1341 784 1381 november
813 1341 1236 1391 constantinopolitana
1264 1341 1376 1380 tertia
1407 1340 1616 1381 indictione
1645 1342 1865 1381 notabatur.

385 1402 628 1442 Membrana
656 1402 842 1441 XLll.-·-
864 1402 1036 1452 Diploma
1067 1403 1103 1440 in
1133 1403 1204 1440 hac
1233 1403 1454 1441 membrana
1484 1407 1709 1451 exaratum,
1740 1413 1838 1441 anno
1871 1403 1968 1440 1822
1998 1404 2162 1442 seorsim
2192 1403 2271 1441 edi-

285 1468 361 1503 tum
392 1465 462 1503 t'uit
489 1476 510 1502 a
539 1465 766 1504 «lectissimo
795 1465 876 1503 viro
906 1465 1052 1514 Angeto
1081 1465 1244 1504 Antonio
1274 1464 1422 1504 Scottio
1441 1464 1512 1515 (l),
1536 1470 1574 1504 et
1601 1465 1768 1505 omnium
1790 1466 1990 1504 Sociorum
2014 1466 2270 1505 Herculaneu-

283 1526 382 1564 sium
411 1525 606 1575 sull'ragiis
634 1525 941 1575 comprohatum.
972 1526 1079 1564 Anno
1111 1525 1208 1564 1034
1237 1526 1496 1575 conscriptum
1526 1526 1644 1566 fuisse
1675 1527 1794 1566 risum
1823 1527 1906 1576 ruit,
1942 1528 2030 1575 quia
2068 1536 2140 1565 nou
2179 1531 2269 1565 ante

283 1600 422 1629 annum
454 1591 551 1629 tota
580 1591 751 1640 argyrus
778 1590 1001 1639 diplomatis
1030 1593 1164 1628 auctor
1192 1594 1391 1628 assecutus
1411 1594 1496 1628 erat
1516 1591 1647 1629 titulos
1676 1590 2103 1639 honoriticentissimus,
2127 1591 2265 1638 ‹piibus

281 1651 334 1690 ibi
362 1652 679 1701 compellabatur,
711 1654 750 1689 et
777 1654 866 1699 post
894 1661 1032 1688 annum
1066 1651 1163 1689 1008
1190 1651 1273 1700 ipse
1302 1652 1456 1698 quidem
1485 1652 1522 1689 in
1554 1651 1660 1690 ltalia
1690 1662 1763 1690 non
1794 1652 1976 1701 degebat.
2016 1651 2094 1690 lloe
2125 1655 2264 1690 utrum-

281 1721 354 1758 que
382 1711 620 1761 argumentis
648 1711 881 1760 constabat,
913 1721 1011 1759 quae
1041 1711 1144 1750 nullo
1174 1715 1286 1760 paeto
1314 1712 1437 1750 refelli
1456 1741 1466 1761 ‚
1497 1715 1562 1750 aut
1590 1712 1626 1750 iu
1656 1712 1813 1751 dubium
1842 1713 2016 1752 revocari
2052 1716 2263 1762 poterunt3

278 1774 526 1823 quamobrem
556 1774 714 1813 indictio
743 1775 921 1823 septima,
944 1777 982 1812 et
1003 1775 1146 1812 mensis
1175 1774 1311 1822 innius,
1343 1774 1557 1813 cuiusmodi
1586 1776 1686 1814 notis
1715 1775 2003 1824 chronologicis
2032 1775 2200 1824 diploma
2230 1786 2267 1811 e-

277 1838 337 1874 rat
364 1836 646 1885 consignatum,
677 1845 839 1874 necesse
867 1835 1021 1874 omnino
1051 1839 1148 1884 erat,
1181 1839 1220 1873 ut
1249 1835 1508 1874 invenirentur
1530 1835 1564 1873 in
1596 1846 1694 1874 illini)
1730 1836 1826 1874 totit
1845 1837 1893 1874 ad
1916 1846 2028 1884 quem
2049 1839 2263 1874 memorata

278 1899 434 1939 indictio
453 1898 648 1949 pertinuit.
668 1899 706 1938 ln
723 1900 821 1938 hanc
837 1899 1086 1937 eruditissimi
1117 1899 1338 1947 interpretis
1358 1899 1588 1938 sententiam
1611 1900 1721 1938 nolus
1741 1900 1905 1938 eundum
1925 1909 2013 1938 esse
2035 1899 2106 1936 rati
2128 1908 2262 1937 sumus

277 1971 351 2000 non
380 1962 504 2011 magis
532 1962 615 2001 eius
643 1961 886 2012 auctoritate,
908 1964 946 2000 et
970 1961 1144 2001 doctrina
1174 1962 1352 2011 permoti,
1383 1972 1496 2011 qnam
1525 1963 1627 2010 quod
1657 1963 1748 2001 nihil
1778 1972 1868 2002 vero
1897 1962 2021 2011 magis
2050 1971 2263 2001 consonum

277 2022 406 2064 allel-ri
436 2034 552 2074 posse
581 2025 857 2074 persensimus.

379 2085 616 2125 Membrana
644 2084 1043 2134 ,t'[,1V.-losepnus
1073 2085 1283 2123 (lentiensis
1312 2085 1402 2123 oiim
1441 2085 1769 2134 Palaeographiae
1798 2086 1899 2134 apud
1925 2095 1996 2124 uos
2027 2087 2261 2124 Antecessor

274 2154 374 2184 anno
405 2145 503 2183 1813
532 2145 651 2183 edidit
680 2155 751 2184 nou
782 2145 865 2184 sine
894 2146 1034 2184 comite
1070 2147 1346 2184 commentario
1383 2146 1482 2183 hauc
1519 2147 1809 2196 membr-amun,
1842 2151 1879 2184 et
1918 2149 2101 2195 scriptam
2140 2148 2262 2185 tuisse

273 2215 372 2244 anno
406 2206 503 2243 1000
523 2216 593 2255 pro
613 2210 720 2244 certo
749 2206 895 2245 halmit.
929 2206 1065 2244 Verum
1086 2217 1132 2245 ex
1152 2207 1360 2245 indictione
1389 2206 1468 2244 xnt
1490 2210 1528 2244 et
1548 2218 1678 2245 mense
1708 2208 1903 2246 novembri
1931 2208 1968 2246 iu
1989 2209 2123 2247 eadem
2145 2219 2260 2247 mem-

270 2269 390 2307 brana
420 2269 616 2317 expressis
645 2269 790 2307 eruitur
818 2279 902 2306 ram
931 2269 978 2307 ad
1010 2270 1304 2318 praecedentem
1333 2279 1471 2307 animm
1498 2269 1591 2306 10:39
1614 2270 1822 2318 pertinere,
1854 2271 1941 2318 qnia
1972 2274 2183 2309 memorata
2205 2271 2257 2308 in-

271 2332 389 2371 dictio
422 2343 529 2371 ntore
558 2332 979 2381 Consiautinopulitaue
1008 2345 1028 2371 a
1058 2334 1268 2382 septembri
1297 2333 1470 2372 eiusdem
1508 2333 1595 2371 anni
1627 2334 1724 2371 1039
1761 2336 2001 2383 supputanda
2031 2340 2089 2374 est
2111 2365 2120 2383 ‚
2151 2337 2256 2383 qnod

269 2397 448 2436 omnibus
476 2407 569 2435 sane
597 2399 835 2445 compertum
865 2401 937 2436 erl.
971 2397 1147 2436 liri-atum
1177 2407 1329 2446 qnoque
1349 2409 1369 2435 a
1391 2397 1581 2436 (lennensi
1611 2397 1678 2436 t'uit
1707 2398 1742 2436 iu
1773 2399 1860 2448 hoc,
1885 2399 1987 2447 qnod
2017 2399 2255 2447 Stephanum

267 2470 342 2500 non
372 2470 442 2509 pro
473 2460 619 2509 Legato
654 2460 838 2499 Antiochi
860 2461 1039 2509 Catapani
1064 2490 1073 2510 ,
1104 2461 1172 2500 sed
1203 2472 1272 2509 pro
1301 2461 1495 2509 catapano
1525 2460 1700 2498 Antiochi
1737 2461 1816 2500 tilio
1852 2463 2003 2511 aceepit
2039 2465 2171 2501 contra
2208 2472 2254 2500 ar,

266 2524 488 2563 denotatum
518 2523 642 2561 suerat
669 2521 827 2560 vocibus
855 2532 1180 2565 αηιπρεσιυποιιιτῆς
1205 2534 1268 2554 τευ
1294 2525 1462 2563 Amazon
1479 2551 1488 2569 ‚
1529 2525 1568 2559 et
1604 2534 1638 2555 iz
1664 2534 1847 2567 τητιῑωπου
1873 2534 1933 2555 ταν
1962 2527 2144 2564 timiamate,
2176 2523 2255 2569 illli-

265 2586 337 2623 hus
366 2584 546 2623 Notarius
574 2582 718 2620 diserte
756 2583 985 2631 significavit
1013 2584 1249 2632 Stephanum
1279 2587 1366 2622 tunc
1402 2583 1588 2630 temporis
1617 2583 1719 2621 vices
1750 2582 1922 2621 Antiochi
1955 2583 2136 2632 Catapani
2168 2583 2250 2620 ohi-

266 2646 381 2684 visse.
415 2644 467 2683 De
497 2644 683 2683 Antiocho
713 2644 786 2682 hoc
815 2644 956 2682 linitam
986 2645 1275 2693 ctu-onographi
1307 2645 1538 2682 mentionem
1567 2646 1764 2682 iecerunt:
1799 2644 1866 2682 sed
1898 2644 2078 2681 nentium
2101 2644 2254 2691 quidem

264 2706 497 2755 ‹Jaitapannm
526 2705 662 2744 eodem
691 2714 791 2742 ίιιιιιο
820 2710 1181 2744 commemorarunt.
1205 2706 1299 2750 Quid
1330 2706 1447 2753 igitur
1475 2709 1576 2744 vetat
1604 2706 1752 2753 opinari
1782 2715 1850 2753 per
1878 2715 1923 2743 ea
1954 2710 2142 2754 tempora,
2174 2705 2256 2752 qui-

263 2768 334 2807 hus
364 2769 504 2807 bellum
534 2768 743 2816 gerebatur
772 2777 858 2805 cnm
889 2767 1130 2806 Nol-tmannis
1152 2768 1384 2806 Graecorum
1414 2768 1514 2816 apud
1544 2778 1614 2806 nos
1644 2768 1844 2815 imperinm
1874 2768 2004 2805 delere
2030 2768 2254 2805 ‹eminilenii-

262 2831 348 2879 bns,
381 2830 605 2869 Antiochum
635 2828 792 2868 missum
823 2829 894 2867 huc
924 2829 1041 2868 inisse
1067 2840 1151 2867 rum
1181 2829 1390 2878 Stephano,
1423 2834 1678 2877 cognomento
1709 2830 1901 2878 l'atriauo,
1930 2830 2009 2869 sire
2045 2829 2253 2867 t'alrrauo?

263 2889 355 2929 tluie
400 2889 594 2940 Stephano
638 2890 694 2929 rel
730 2900 829 2929 auno
869 2890 962 2928 loli
1006 2892 1132 2929 munia
1169 2889 1300 2939 Legati
1331 2919 1340 2939 ‚
1379 2890 1430 2929 uti
1468 2890 1650 2930 iieatitlns
1687 2894 1849 2930 testatur
1885 2890 1940 2939 (2)
1971 2920 1980 2940 ,
2019 2890 2247 2930 ‹leinainlata

343 3025 389 3065 (t)
412 3026 561 3056 ,ila-inuria
584 3025 671 3055 detta
692 3025 810 3064 tremite
833 3025 1024 3057 decadentia
1050 3026 1240 3057 Erechtheo-e
1264 3027 1324 3058 rot.
1351 3027 1377 3065 l,
1401 3034 1478 3066 paq.
1504 3027 1576 3057 270.

342 3085 388 3125 (2)
411 3087 514 3118 storia
538 3087 571 3118 di
597 3087 671 3119 Πανί
690 3095 770 3128 puy.
797 3086 848 3119 OS.
