2560 3646
1203 390 1402 428 -585-

300 458 422 493 Ecclesia
441 459 473 493 S.
499 460 634 494 Eustatbii
650 462 676 494 in
697 470 763 504 agro
784 462 925 495 Nicoterae
945 460 1016 494 332.
1334 461 1453 494 Ecclesia
1475 461 1507 495 S.
1531 461 1667 496 Michaelis
1687 463 1720 496 de
1741 462 1859 497 Laureto
1882 461 1952 503 130.
1975 461 2048 502 307,
2072 460 2144 495 308.

300 527 342 534 -
361 509 392 541 S.
417 510 527 554 Georgii
550 513 623 554 apud
645 512 795 546 Carbonem
819 513 890 550 127,
913 512 986 545 429,
1330 530 1372 536 -
1393 513 1423 544 S.
1447 514 1549 546 Nicolai
1573 515 1621 547 13.

299 578 342 586 -
362 561 395 594 S.
419 563 543 604 Gregorii
564 564 596 597 de
619 564 748 597 Francica
770 564 841 596 263.
1329 580 1371 587 -—
1392 562 1423 593 S.
1449 564 1552 596 Nicolai
1573 564 1806 598 Areliimandritae
1826 566 1854 598 in
1874 567 2036 609 pertinentiis
2063 564 2219 599 monasterii
2247 563 2313 605 Cyr-

300 629 343 637 ·-
363 613 531 647 Hieracensis
551 616 625 655 324,
647 617 720 648 357.
1369 613 1467 644 Zosimi
1487 614 1538 646 46.

309 682 344 690 —
364 665 396 698 S.
420 666 514 700 Iacobi
535 668 562 699 in
582 677 650 710 agro
672 666 846 708 Baryeballae
866 665 939 698 284.
1330 682 1372 688 -
1392 665 1423 696 8.
1448 665 1550 696 Nicolai
1571 666 1605 697 de
1626 666 1719 698 Catina
1739 667 1766 698 in
1787 675 1852 709 agre
1875 668 1971 710 Orgili.
1994 669 2028 702 V.
2051 668 2253 700 Monasterium.

302 733 345 740 —
365 715 397 748 S.
421 716 528 749 Ioannis
549 718 697 759 Baptistae.
710 716 821 750 Donatio
841 715 928 748 eidem
948 715 1018 748 tacta
1031 722 1049 746 a
1062 714 1179 756 Rogerio
1192 712 1287 747 etGu-
1330 731 1371 738 -
1392 713 1424 747 S.
1448 714 1550 746 Nicolai
1572 715 1663 749 Drioni
1685 717 1711 748 in
1731 717 1895 758 pertinentiis
1917 718 2012 760 Oppidi
2026 719 2098 758 296,
2116 719 2155 751 vel
2170 718 2315 752 Codriono-

343 768 432 801 uetmo
452 770 487 802 de
507 769 612 802 'rivalta
635 769 705 801 116.
1371 773 1432 796 rum
1456 763 1528 796 298-

302 837 346 845 -—
365 820 398 854 S.
423 820 529 854 loannis
549 821 583 853 de
603 820 707 853 Cuculo
730 820 801 852 179.
1329 833 1372 840 -
1392 815 1424 848 S·
1449 816 1551 848 ΝῑῦθΙὶἱῖ
1572 817 1605 848 ‘¹0
1626 817 1753 860 Legisti&
1769 818 1826 851 *ὧν
1843 817 2015 860 ἄλιγιστῶν,
2038 822 2066 854 in
2086 822 2189 856 civitate
2210 823 2317 855 Nicote·

303 890 346 899 --
365 873 397 906 S.
421 873 528 906 loannis
549 873 734 906 Eremitarum
754 871 806 904 69.
829 872 865 905 V.
889 870 1083 904 Monasterium
1103 870 1136 903 S.
1159 868 1287 911 Stephani
1371 876 1419 900 rae
1440 867 1512 907 238,
1538 869 1610 901 241.

345 926 379 957 (10
400 925 528 958 Nemore,
1334 938 1376 944 —
1397 920 1428 951 S.
1453 919 1554 952 Nicolai
1578 920 1765 953 Macronorum
1786 921 1812 952 in
1833 930 1900 963 agro
1915 922 2028 955 'Briatici
2049 924 2121 956 447.

303 994 345 1003 --
366 977 397 1010 S.
421 976 530 1008 loannis
550 976 681 1019 'theologi
702 976 728 1008 in
748 984 815 1018 agro
835 975 992 1008 Seminarae
1013 973 1085 1006 392.
1330 990 1372 996 -
1393 972 1424 1005 S.
1448 973 1551 1005 Nicolai
1573 973 1607 1005 de
1628 973 1758 1011 Nemore,
1779 972 1838 1004 τῶν
1858 975 1988 1013 (παλαι-ὧν,
2010 975 2084 1007 286.

303 1044 346 1051 -
366 1025 398 1058 S.
422 1026 528 1058 Ioannis
548 1025 582 1058 de
601 1026 678 1059 Valle
700 1026 803 1058 Polluci
824 1025 856 1058 2.
1330 1043 1373 1049 -
1393 1024 1426 1058 S.
1449 1025 1552 1058 Nicolai
1573 1025 1607 1058 de
1629 1025 1757 1058 Pertusia
1777 1025 1877 1058 donata
1898 1028 2062 1060 monasterio
2082 1027 2196 1061 Cavensi
2227 1034 2255 1062 ct
2285 1031 2316 1062 S.

304 1094 347 1101 —-
365 1077 398 1108 S.
422 1077 520 1109 Iuliani
543 1077 615 1110 307.
1371 1075 1472 1107 Mariae
1494 1076 1527 1107 de
1549 1076 1675 1108 Pertusia
1695 1084 1713 1108 a
1732 1075 1853 1109 Roberto
1873 1081 1901 1109 et
1921 1076 2037 1119 Rogerio
2068 1078 2182 1112 dominis
2210 1078 2321 1112 Caciani

303 1145 346 1152 —
366 1127 458 1160 Lareti
481 1128 551 1161 163.
1376 1127 1446 1165 118,
1473 1126 1541 1158 134.

303 1197 343 1205 -
366 1178 398 1211 8.
422 1179 519 1212 Leonis
540 1180 567 1212 iu
587 1179 714 1212 locrensi
734 1178 848 1212 dioecesi
868 1178 919 1211 89.
1332 1194 1374 1199 -
1394 1175 1425 1207 S.
1451 1176 1554 1208 Nicolai
1574 1177 1608 1208 de
1632 1177 1714 1209 Petra
1735 1177 1816 1210 Caeci
1838 1177 1888 1210 16.

303 1248 346 1255 -
366 1230 509 1263 Locrensis
530 1232 582 1269 87,
606 1231 656 1262 91.
1333 1245 1375 1251 -
1396 1227 1427 1258 8.
1452 1228 1556 1260 Nicolai
1578 1229 1660 1261 Sieilli
1682 1230 1754 1262 429.
1982 1272 1985 1276 ⁴

302 1299 345 1306 -
366 1281 398 1314 S.
421 1282 521 1314 Mariae
542 1282 643 1313 Atocae
663 1289 745 1323 prope
765 1279 915 1323 Callipolim
937 1279 1010 1313 519.
1333 1297 1375 1304 —-
1397 1279 1427 1310 S.
1451 1280 1554 1311 Nicolai
1575 1281 1608 1313 de
1629 1281 1741 1314 Ustunci
1761 1283 1835 1322 422,
1859 1284 1900 1315 vel
1921 1285 1955 1316 de
1977 1284 2108 1317 Rustunci
2129 1285 2200 1323 491,
2218 1286 2244 1317 in
2258 1286 2319 1318 civi-

303 1350 345 1357 --
366 1331 398 1363 S.
422 1332 524 1364 Mariae
544 1331 578 1363 de
599 1331 709 1363 Gabi-ia.
733 1331 846 1364 Donatlo
867 1331 973 1364 Siciliae
993 1334 1021 1363 et
1043 1329 1145 1362 Luciae
1176 1330 1290 1362 Ancina-
1375 1334 1430 1363 tate
1452 1331 1565 1364 Catacii.

344 1383 389 1414 risi
412 1381 484 1415 231.
507 1381 541 1413 V.
564 1381 766 1414 Monasterium.
1333 1401 1375 1406 —
1397 1383 1524 1415 Omnium
1546 1383 1708 1416 Sanctorum
1730 1384 1756 1415 in
1777 1384 1905 1417 Calabria
1928 1386 1999 1418 147.

301 1450 343 1463 ψ
363 1432 394 1464 8.
418 1432 518 1464 Mariae
539 1431 566 1463 in
588 1431 699 1464 Cauuita
723 1433 753 1464 1.
776 1433 810 1464 V.
834 1433 1038 1466 monasterium.
1334 1451 1375 1457 —
1397 1433 1430 1466 S.
1455 1433 1587 1476 onuphrii
1609 1435 1636 1465 in
1658 1443 1724 1476 agro
1747 1434 1843 1467 Nohae
1866 1436 1918 1474 75,
1942 1435 2015 1468 256.
2039 1437 2072 1469 V.
2096 1437 2300 1471 Monasterium.

299 1499 342 1508 -
360 1483 392 1515 S.
417 1483 518 1516 Mariae
538 1483 572 1515 de
593 1483 666 1516 Colle
687 1485 801 1526 Capurri
823 1485 850 1515 in
870 1485 979 1517 civitate
998 1484 1100 1518 Catacii
1123 1484 1196 1517 502.
1335 1503 1377 1509 -
1399 1485 1430 1518 S.
1455 1485 1590 1517 Pancratii
1613 1486 1687 1529 apud
1708 1486 1912 1528 cyr-zosimum
1933 1486 1984 1519 60.

302 1551 345 1558 —-
365 1533 398 1566 S.
421 1533 521 1566 Mariae
542 1534 577 1566 de
598 1533 758 1567 Catbitzuno
779 1535 852 1568 429.
1338 1555 1380 1561 -
1401 1538 1433 1569 8.
1459 1537 1623 1570 Parasceves
1645 1538 1717 1571 137.

301 1603 344 1610 -
362 1585 395 1619 S.
418 1586 521 1618 uastae
540 1586 575 1619 de
596 1586 695 1619 Cosrna
715 1588 789 1620 307.
1333 1607 1376 1613 -
1396 1589 1427 1620 S.
1454 1589 1617 1622 parasceves
1637 1589 1671 1621 de
1692 1589 1797 1623 Galiato
1818 1591 1847 1623 in
1867 1591 1994 1623 Calabria
2015 1591 2088 1624 337.

302 1655 345 1662 --
366 1637 397 1670 8.
422 1638 524 1670 Mariae
544 1638 578 1670 de
599 1639 683 1684 Fonte
705 1639 731 1670 in
752 1640 858 1671 civitate
880 1639 1000 1672 circlarii
1023 1641 1096 1673 375.
1333 1659 1375 1665 -
1395 1641 1426 1673 S.
1452 1640 1526 1672 Petri
1547 1641 1581 1673 de
1603 1642 1730 1684 Bragalla
1751 1642 1793 1675 vel
1814 1642 1983 1684 Baryehella.
2008 1644 2042 1676 V.
2065 1644 2271 1679 nonasterium.

300 1706 343 1713 —
362 1688 394 1721 S.
418 1689 518 1721 Mariae
539 1690 574 1721 de
594 1689 697 1728 Fossa..
712 1687 749 1720 uni
767 1689 931 1731 χανδσίκην,
959 1701 1040 1734 prope
1072 1692 1231 1724 Lardariam
1264 1693 1291 1725 in
1333 1710 1375 1716 —
1396 1692 1429 1724 S.
1454 1693 1527 1725 Petri
1548 1692 1707 1725 Cremastae
1728 1693 1800 1727 374.

343 1739 470 1772 Calabria
492 1740 546 1773 95.
1332 1761 1375 1767 -
1396 1742 1428 1774 S.
1453 1743 1527 1775 Petri
1548 1743 1697 1786 Imperialis
1717 1745 1837 1777 Tarenti.
1860 1745 1895 1778 V.
1912 1745 2115 1779 Monasteriam.
2137 1767 2140 1771 -

300 1810 343 1817 —·
362 1791 395 1825 S.
418 1791 518 1823 Mariae
539 1791 572 1824 de
592 1791 713 1825 Gross'ulo
734 1800 817 1835 prope
838 1793 991 1827 pertusiam
1013 1795 1086 1829 227.
1302 1829 1305 1832 ,
1333 1811 1375 1816 -
1395 1791 1428 1825 S.
1451 1793 1578 1825 Phantini
1598 1794 1670 1836 apud
1691 1793 1854 1827 Circlarium
1874 1796 1973 1828 donata
1994 1797 2090 1839 Sergio
2121 1799 2255 1831 monacho
2285 1800 2321 1831 ab

306 1862 348 1868 ν-
369 1843 402 1876 8.
425 1843 526 1876 Mariae
546 1844 581 1876 de
602 1844 696 1882 Horta,
717 1844 769 1874 τοῦ
786 1844 953 1886 περιβόλου,
976 1846 1050 1877 429.
1375 1843 1467 1876 Odone
1487 1844 1629 1876 Marchisio
1650 1845 1866 1879 80-—Donatio
1888 1846 1988 1888 praedii
2007 1848 2080 1880 sacta
2104 1848 2191 1880 eidem
2211 1849 2247 1881 ab
2269 1850 2322 1882 Ar-

301 1912 344 1919 ...
363 1894 396 1927 s,
418 1894 518 1927 Mariae
539 1895 567 1926 in
589 1887 716 1927 Locrensi
735 1894 852 1928 dioecesi
873 1895 924 1928 91,-
949 1896 984 1928 v.
1007 1896 1155 1940 Episoopus
1175 1897 1291 1931 Locren.
1374 1894 1573 1938 chipresbytero
1595 1897 1705 1936 Ioanne,
1722 1898 1832 1931 Nicolao
1849 1899 2035 1938 Maurozumo,
2052 1900 2184 1937 Gulielmo
2198 1901 2319 1941 Fersero,

344 1946 382 1977 sis
402 1945 544 1978 Leontius.
1375 1946 1501 1989 Drogone
1522 1951 1550 1979 et
1570 1948 1671 1979 Ioanne
1692 1947 1846 1987 Cucullato‚
1868 1949 1980 1991 aliisque
2001 1949 2073 1982 265.

301 2015 343 2022 --
363 1998 396 2030 S.
419 1998 520 2030 Mariae
540 1998 575 2030 de
596 1997 627 2030 S.
652 1998 743 2031 Marco
765 1998 792 2031 in
812 2007 880 2040 agro
900 1999 1010 2032 Briatici
1031 2001 1103 2034 415.
1332 2015 1375 2021 -
1394 1998 1425 2030 S.
1450 1997 1562 2041 Philippi
1583 1999 1752 2031 Hieracensis
1774 1999 1846 2031 356.

302 2067 344 2074 -
364 2048 396 2080 s.
420 2049 520 2081 mariae
540 2049 575 2080 ao
594 2046 712 2080 Metiaia
732 2050 760 2081 in
778 2050 885 2082 civitate
905 2051 978 2083 narii
1001 2051 1053 2084 28.
1333 2065 1374 2078 —-
1395 2047 1426 2079 S·
1450 2047 1570 2090 Procopii
1593 2049 1619 2079 in
1640 2057 1706 2090 agro
1727 2049 1863 2091 Callipolis
1885 2048 1958 2089 523,
1981 2051 2055 2084 525·

302 2118 344 2125 -—
363 2100 396 2133 8.
411 2099 511 2132 Mariae
526 2099 561 2131 do
576 2099 704 2138 Nemore,
718 2100 776 2131 τῶν
787 2101 918 2140 σαλτῶυ,
931 2104 959 2135 in
972 2111 1039 2145 agro
1052 2103 1119 2145 Styli
1134 2104 1207 2145 286,
1216 2105 1288 2139 556.
1332 2115 1375 2121 -
1394 2097 1579 2139 Quadraginta
1600 2098 1762 2131 Sanctorum
1782 2100 1810 2131 in
1831 2101 1935 2132 civitate
1948 2101 2106 2134 Seminarae
2119 2103 2321 2138 AOS—Mentio

302 2168 345 2175 .-
365 2149 397 2182 s,
421 2150 520 2182 Maiae
542 2151 569 2182 in
589 2149 690 2182 finibus
709 2150 792 2182 Uriae,
816 2152 847 2184 ι,
1374 2157 1474 2180 census
1494 2158 1642 2191 granorum
1661 2152 1779 2193 quinque
1799 2151 1886 2183 eidem
1907 2152 1990 2184 debiti
2012 2161 2030 2184 a
2059 2156 2220 2187 monasterio
2253 2156 2320 2187 Ere-

301 2218 344 2225 ——
364 2200 396 2232 S.
419 2200 518 2231 Mariae
540 2197 719 2238 de‘Planitie,
741 2199 793 2231 τοῦ
812 2198 951 2240 ὅμαλίου,
974 2203 1001 2234 in
1022 2211 1090 2245 agro
1112 2204 1194 2237 Actae
1216 2206 1289 2239 441.
1374 2201 1503 2232 mimum
1524 2202 1594 2238 404.
1619 2201 1691 2234 405·

303 2268 345 2274 —
366 2249 397 2282 S.
421 2250 519 2282 Mariae
539 2250 573 2282 de
593 2249 732 2282 scanzam
753 2250 853 2283 donata
874 2254 1036 2286 monasterio
1056 2254 1088 2287 S.
1105 2255 1240 2288 Anastasii
1255 2256 1291 2288 ab
1332 2271 1374 2277 —
1396 2253 1491 2295 Rhegii
1517 2253 1569 2285 69.

346 2301 499 2334 Alexandro
520 2301 555 2332 de
575 2300 747 2333 Claromonte
770 2302 840 2334 125.
1333 2324 1374 2330 -
1396 2305 1537 2337 neocellae
1558 2305 1655 2337 donata
1676 2305 1800 2348 episcopo
1820 2306 1983 2347 Scyllacensi
2003 2317 2020 2340 a
2035 2310 2132 2342 comite
2146 2309 2274 2353 Regem,
2293 2316 2322 2343 et

304 2369 347 2376 —
367 2350 400 2383 S.
422 2351 522 2383 Mariae
541 2350 574 2382 de
595 2349 715 2383 sturnis.
739 2351 794 2383 Leo
814 2352 847 2384 de
868 2353 973 2387 Mutero
994 2355 1076 2392 donat
1104 2357 1191 2390 eidem
1222 2358 1291 2390 duas
1373 2357 1530 2390 confirmata
1551 2365 1568 2389 a
1588 2366 1654 2399 rege
1676 2356 1793 2399 Rogerio
1816 2358 1887 2391 185.

346 2402 479 2443 portiones
500 2402 600 2443 praedii
620 2402 648 2434 in
668 2401 776 2444 planitie
797 2402 951 2436 Bucbortae
972 2405 1044 2437 547.
1332 2426 1374 2432 -
1394 2407 1426 2440 S.
1450 2407 1597 2440 Salvatoris
1619 2408 1645 2439 in
1666 2408 1771 2440 civitate
1792 2408 1911 2441 Miner-vii
1935 2410 1986 2449 11,
2012 2410 2062 2450 14,
2085 2407 2137 2445 25.

306 2471 347 2478 --
368 2452 399 2484 S.
425 2452 524 2483 Mariae
543 2451 577 2483 de
597 2451 749 2485 Terenzano
770 2453 796 2484 in
817 2461 883 2496 agro
905 2454 1020 2487 Troiano
1042 2456 1094 2488 21.
1332 2477 1373 2483 --
1394 2458 1424 2490 S.
1450 2458 1601 2490 Sebastiani
1624 2459 1650 2490 in
1672 2467 1738 2501 agro
1759 2457 1882 2492 Circlarii
1902 2459 1974 2500 264,
1998 2462 2073 2502 308,
2097 2464 2169 2496 375.

306 2521 346 2531 -
365 2504 397 2537 S.
420 2504 521 2536 Mariae
534 2503 566 2536 de
577 2504 712 2537 Turribus
723 2505 1089 2544 69,117.v.monasterium
1100 2509 1131 2542 S.
1149 2510 1288 2553 Stephani.
1332 2527 1374 2533 ——
1396 2509 1540 2540 Tarentina
1562 2508 1614 2540 58·
2192 2508 2194 2510 μ

306 2573 347 2582 -
367 2556 398 2588 S.
422 2556 523 2588 Mariae
543 2556 578 2588 de
598 2556 703 2588 zosimo
724 2556 767 2589 vel
789 2556 972 2598 cyr—Zosimo.
995 2559 1092 2592 Mentio
1118 2561 1290 2596 dedicationis
1331 2581 1373 2586 —
1394 2562 1425 2594 S.
1451 2561 1585 2594 Theodori
1605 2562 1631 2592 in
1652 2562 1757 2594 civitate
1778 2562 1858 2595 Mileti
1880 2563 1955 2598 277.

345 2607 431 2648 ipsius
454 2605 523 2638 116.
549 2606 582 2637 V.
609 2605 811 2640 monasterium.
1331 2632 1373 2637 —
1395 2613 1427 2645 S.
1443 2612 1576 2645 Theodori
1592 2613 1618 2643 in
1632 2613 1796 2654 pertinentiis
1812 2613 1907 2656 Oppidi
1921 2615 2019 2648 donata
2033 2618 2194 2649 monasterio
2210 2617 2241 2650 S.
2259 2618 2319 2650 Ste-

305 2676 346 2683 —
366 2658 398 2690 S.
421 2657 526 2689 Martini
547 2657 581 2689 de
603 2658 733 2700 Hospitali
753 2659 876 2691 Crotonis
896 2661 970 2694 401.
1372 2664 1451 2704 phani
1475 2663 1655 2695 Eremitarum
1680 2663 1750 2701 123,
1773 2664 1844 2696 298.

306 2725 348 2734 --
368 2707 400 2740 S.
424 2706 550 2739 Matthaei
570 2707 604 2739 de
624 2707 752 2740 Nicotera
773 2708 844 2742 338.
1330 2734 1373 2739 -
1392 2715 1424 2747 S.
1448 2715 1583 2747 Theodori
1602 2717 1755 2748 monasterii
1778 2716 1939 2758 cyr-Zosimi
1962 2718 2012 2755 34,
2031 2718 2081 2751 56.
2101 2719 2134 2752 V.
2149 2719 2263 2753 Monast.
2287 2721 2319 2755 S.

306 2775 346 2781 -
366 2757 398 2788 S.
422 2756 579 2789 Memnonis.
604 2757 636 2790 V.
662 2757 810 2800 Episcopus
831 2759 995 2794 Tarentinus
1015 2762 1172 2798 Cinnamus.
1371 2766 1469 2798 Martae
1489 2766 1523 2797 de
1543 2766 1726 2806 Cp-r—Zosimo.

307 2827 346 2834 —
368 2809 399 2840 S.
423 2809 559 2841 Michaelis
580 2810 606 2841 in
627 2810 733 2842 civitate
753 2811 836 2843 Aecae
858 2811 930 2844 545.
1329 2832 1373 2840 -
1393 2815 1445 2848 88.
1470 2816 1608 2849 Trinitatis
1630 2817 1768 2850 navensis.
1794 2819 1826 2851 V.
1851 2819 2053 2853 Monasterium.

304 2877 348 2883 -—
367 2858 400 2891 S.
424 2858 558 2891 michaelis
578 2860 678 2892 donata
699 2868 716 2892 a
737 2859 1000 2896 Ceremicoenobio
1027 2864 1161 2897 Gulielmo
1181 2866 1214 2897 de
1236 2866 1287 2898 Fa·
1332 2884 1368 2891 —
1391 2866 1444 2898 SS.
1467 2866 1607 2899 Trinitatis
1628 2867 1756 2901 Ferulleti
1778 2870 1804 2900 in
1825 2877 1892 2911 agro
1913 2870 2066 2903 Hieracensi
2088 2871 2160 2903 356.

346 2910 401 2943 hali
425 2910 477 2948 72,
500 2915 527 2942 et
547 2911 582 2943 ab
602 2911 652 2945 boc
673 2911 803 2944 coenobio
828 2912 926 2946 collata
956 2923 1019 2948 cum
1047 2916 1180 2948 nonnullis
1205 2917 1288 2951 rebus
1329 2934 1370 2940 —
1392 2916 1423 2949 S.
1449 2917 1577 2950 vincentii
1600 2919 1630 2950 1.

348 2961 503 3003 presbytero
523 2962 624 2996 Grosso
640 2962 692 2996 sub
707 2971 799 2997 annua
813 2965 994 3006 praestatione
1007 2966 1080 3006 540,
1098 2967 1168 3002 542.
1186 2968 1219 3003 V.
1231 2970 1287 3003 1110-
1331 2967 1467 3001 Ecclesiae
1489 2969 1603 3002 donatae
1626 2971 1793 3003 monasteriis
1814 2979 1829 3002 a
1851 2971 1926 3003 laicis
1950 2971 2010 3010 72,
2033 2972 2097 3010 80,
2123 2972 2204 3012 118,
2239 2974 2320 3013 123,

348 3015 425 3043 stent
446 3012 516 3044 rium
537 3011 568 3044 S.
593 3013 737 3046 Michaelis.
1373 3018 1443 3056 125,
1469 3019 1537 3051 134.

2030 3086 2074 3120 74
