2560 3646
1191 403 1389 439 —603—

329 470 430 504 Uarine
458 471 623 515 cyr-Zosimi
653 473 780 507 traditum
806 473 914 506 cuidam
949 469 1080 504 monacho
1098 468 1150 502 sub
1173 478 1264 501 annua
1347 468 1449 500 Helena
1470 468 1576 506 Moniali
1596 469 1708 514 altisque
1729 470 1833 513 61,-
1848 470 1973 506 Nicotaus
1994 474 2157 503 oeconomus
2166 466 2289 508 eiusdem

328 524 506 564 praestatione,
529 524 599 556 542,
1348 520 1429 552 tradit
1448 521 1587 563 praedium
1608 522 1641 554 de
1665 522 1796 555 Umbrosa
1807 523 1888 556 Leoni
1902 524 2064 566 ltiauropego
2079 524 2105 554 et
2121 519 2213 554 loanni
2227 518 2289 551 Cal-

370 575 561 608 Monasterium
583 577 614 609 S.
641 576 772 619 Onuphrii
795 575 831 607 ab
860 573 1015 606 Alexandro
1035 576 1062 604 et
1087 571 1218 603 Riecardo
1232 571 1266 602 de
1348 581 1414 603 ceno
1435 572 1485 604 snb
1508 582 1597 605 annuo
1617 583 1700 606 censu
1724 575 1793 606 181.

330 626 502 660 Claroinonte
523 628 649 660 donatum
669 629 700 660 S.
717 628 815 659 Mariae
835 626 868 657 de
883 626 986 657 Zosimo
1007 633 1068 656 curn
1090 626 1220 665 potestate
1234 622 1266 653 li·
1307 623 1500 655 monasterium
1521 623 1553 656 S.
1576 624 1711 656 Michaelis
1731 626 1979 661 donatumcuidam
1994 626 2124 658 monacho
2139 624 2191 657 sub
2202 631 2293 655 annua

331 679 429 719 gnandi
450 684 477 710 et
499 679 640 721 pabulandi
662 679 687 710 in
709 686 775 719 agro
798 676 890 708 Noliac
915 676 965 707 75.
1349 675 1526 716 praestatione
1547 685 1563 707 a
1586 675 1690 708 Pascha
1712 676 1797 709 Priori
1819 678 1851 709 S.
1868 679 1968 710 Mariae
1978 678 2011 709 do
2026 678 2196 719 Cyr—Zosimo
2218 675 2290 707 512.

374 729 546 761 Enumeratio
567 732 696 762 [ιιι-10111111
719 729 805 760 eidem
827 727 986 759 monasterio
1008 726 1084 758 sactis
1112 733 1128 756 a
1150 723 1267 756 Roberto
1352 724 1386 757 V.
1411 724 1532 756 Ecclesia
1552 725 1584 757 S.
1607 726 1744 757 Michaelis
1764 728 1797 758 de
1819 728 1930 760 Fabato.

330 781 383 813 tilio
397 781 517 813 Biccartli
542 783 611 818 150,
634 785 661 811 et
680 780 793 822 praefat.
817 788 844 822 p.
869 778 967 811 XXVI.
1310 793 1351 801 —
1371 775 1466 808 Montis
1488 776 1766 822 Virginis—Arellio
1788 779 1870 811 huius
1890 779 2008 812 coenobii
2029 783 2123 812 extant
2134 780 2160 811 in
2173 778 2291 810 Tabula-

288 831 476 863 Monasterium
488 831 519 862 S.
532 832 630 862 Mariae
642 831 815 871 flmtegetriae
826 839 909 862 novae
921 824 1123 860 Patris—Rex
1138 825 1270 867 Roget-ius
1352 828 1393 858 rio
1414 827 1588 869 Neapolitano
1608 829 1679 860 duae
1699 839 1814 870 graecae
1836 831 2007 863 membranae
2019 831 2108 867 editae
2130 832 2156 863 in
2170 830 2221 863 hoc
2236 830 2294 871 Syl-

329 884 467 915 cmm-mat
487 884 574 915 Lucae
597 883 749 924 Praeposito
770 882 886 914 eiusdem
908 889 1001 913 omnes
1023 879 1176 911 donationes
1197 876 1267 909 138.
1353 877 1414 910 labo
1436 878 1488 910 sub
1511 881 1630 912 numeris
1653 880 1805 920 Lxxxln,
1828 892 1855 924 p.
1881 883 1950 920 108,
1974 886 2001 913 ct
2022 881 2129 919 CXCV,
2152 891 2180 923 p.
2204 881 2276 913 256.

288 951 331 959 .-
352 936 383 966 s,
407 935 506 966 Mariae
528 936 554 965 in
575 934 700 965 Locrensi
721 933 833 965 dioecesi
853 932 888 964 ab
903 934 1025 975 episcopo
1040 930 1149 962 Leontio
1165 932 1271 960 restau—
1311 948 1354 953 -—-
1374 929 1406 960 S.
1431 930 1578 963 Nicodemi.
1591 931 1690 962 -Eins
1712 931 1882 974 Praepositus
1903 933 2058 970 Gerrasius,
2075 932 2171 973 aliique
2193 933 2217 963 in
2239 942 2296 963 ein-

331 991 418 1018 ratum
439 986 489 1017 91.
1354 982 1503 1024 phyteusim
1525 983 1656 1024 accipiunt
1670 984 1808 1025 praedium
1830 986 2016 1016 amonasterio
2029 984 2060 1015 S.
2081 984 2204 1016 Phantini
2218 984 2291 1015 395.

289 1054 330 1061 -
352 1038 382 1069 S.
406 1037 506 1068 Mariae
527 1037 621 1068 Montis
642 1036 730 1073 Arati,
754 1035 950 1077 Μονντεράτου
963 1059 970 1072 ,
994 1034 1045 1066 32.
1069 1033 1090 1065 V
1127 1031 1268 1073 Catapani,
1313 1053 1353 1059 .-
1373 1034 1405 1067 S,
1430 1034 1533 1067 Nicotai
1555 1035 1604 1067 13,

331 1088 520 1121 Constantinus
542 1088 628 1129 opus.
1312 1102 1355 1108 —-
1374 1084 1405 1116 S.
1429 1085 1531 1116 Nicolai
1554 1085 1588 1117 de
1609 1085 1726 1119 Bunlela
1748 1085 1819 1118 236.

289 1154 333 1162 ..-
353 1137 384 1169 S.
409 1139 508 1170 Mariae
521 1139 554 1170 de
566 1138 688 1170 Pertusia
708 1137 911 1177 suffraganeum
924 1134 1118 1168 Sssrriniians
1131 1132 1268 1164 Cavensis.
1313 1155 1353 1160 -
1373 1136 1405 1167 S.
1430 1136 1531 1168 nicolai
1552 1137 1585 1168 de
1605 1137 1885 1170 Camm,.-Donatio
1905 1137 1975 1169 facta
1989 1137 2048 1169 ejus
2065 1136 2218 1179 praeposito
2235 1137 2298 1168 phi-
2315 1128 2319 1133 ”

374 1190 442 1222 Eius
463 1190 620 1231 Praepositi:
644 1188 781 1221 Gadiletus
803 1187 858 1219 101
876 1212 884 1226 ,
911 1186 991 1224 120,
1018 1186 1076 1217 154
1089 1210 1098 1223 ,
1123 1184 1201 1223 169,
1224 1184 1271 1215 Ni-
1354 1186 1438 1218 lareto
1459 1195 1476 1217 a
1497 1186 1624 1227 Malgerio
1645 1187 1768 1219 Altavilla
1791 1188 1862 1220 180.

329 1240 422 1273 eolaus
442 1240 515 1278 213,
541 1241 651 1271 loannes
671 1239 703 1270 de
719 1239 818 1270 Alferio
842 1238 913 1274 273,
935 1238 1010 1276 274,
1032 1237 1105 1268 275.
1314 1256 1355 1261 -
1374 1237 1405 1269 S.
1430 1237 1532 1269 Nicolni
1553 1238 1586 1269 de
1607 1237 1744 1270 Catholiea
1767 1239 1838 1271 120.
1863 1239 1896 1272 V.
1919 1238 2054 1270 Mesorum
2077 1242 2160 1269 terra.

371 1292 529 1323 Donationes
549 1292 636 1322 eidem
658 1291 743 1322 saetae
763 1299 781 1322 a
802 1290 924 1322 Roherto
944 1295 972 1322 et
988 1289 1109 1321 Oml'rida
1131 1289 1164 1320 de
1177 1288 1271 1320 Ceeia-
1313 1308 1355 1313 —
1375 1288 1407 1319 S.
1432 1289 1532 1322 Nicolai
1554 1290 1588 1321 de
1609 1290 1713 1333 Cipullo
1734 1291 1885 1323 obedientia
1906 1290 1937 1322 S.
1961 1289 2090 1333 Stephani
2112 1291 2146 1322 de
2167 1290 2296 1327 Nemore,

329 1353 364 1375 no
387 1344 438 1382 71,
462 1342 512 1380 82,
529 1343 581 1381 81,
604 1351 620 1373 a
637 1342 773 1381 Pancallo,
797 1341 917 1374 Robcrto
938 1346 966 1374 et
987 1341 1135 1374 Costarello
1152 1341 1224 1379 100,
1245 1345 1273 1372 et
1355 1339 1428 1380 335,
1450 1341 1521 1373 383.

330 1395 442 1436 praefat.
465 1403 493 1436 p.
517 1394 590 1425 XXV
609 1418 617 1431 ,
651 1403 668 1425 a
688 1393 796 1425 Nicolao
817 1394 921 1426 notario
942 1397 970 1425 et
995 1393 1082 1425 Leone
1102 1393 1162 1424 eius
1189 1392 1272 1423 tratre
1396 1394 1507 1425 Donatio
1529 1394 1599 1425 lacta
1625 1394 1685 1425 eius
1707 1394 1861 1436 Praeposito
1882 1394 2047 1436 Chrysaphio
2068 1403 2085 1425 a
2107 1394 2200 1426 Trotta
2222 1395 2301 1426 vidua

333 1445 403 1483 119,
420 1453 437 1476 a
451 1444 582 1476 Michaele
602 1445 636 1476 de
658 1444 752 1476 Cicere
773 1444 845 1482 153,
861 1452 878 1474 a
899 1443 1054 1485 presbytero
1074 1442 1270 1480 Iordanem-l,
1355 1442 1452 1475 Leonis
1472 1443 1583 1475 Beluchi
1603 1445 1714 1486 eiusque
1735 1444 1795 1476 liliis
1817 1444 2079 1477 312—D0nationes
2102 1444 2216 1476 Constae
2237 1445 2301 1476 Cat-

331 1507 348 1528 a
370 1496 457 1528 Leone
472 1496 526 1528 titio
541 1496 615 1528 Eliae
629 1499 656 1527 et
678 1496 737 1527 Elia
757 1496 817 1528 eins
837 1495 891 1527 lilio
912 1494 986 1532 227,
1001 1503 1018 1526 a
1032 1494 1122 1526 leone
1141 1494 1175 1526 de
1196 1493 1273 1528 Gallo
1356 1493 1410 1526 tobi
1433 1493 1505 1531 337,
1529 1493 1698 1526 Christianae
1722 1498 1750 1526 et
1763 1494 1924 1536 Margaritae
1945 1494 2015 1526 382.

330 1547 404 1586 272,
419 1556 437 1578 a
458 1547 550 1580 tunice
570 1547 679 1578 Nicolao
700 1545 774 1579 272.
834 1578 837 1585 ,
1397 1546 1494 1578 Μεηιίο
1517 1546 1600 1588 ipsius
1620 1546 1693 1578 372.

373 1599 493 1631 Ecclesia
513 1598 545 1631 S.
568 1599 671 1631 Nicolai
692 1599 726 1630 de
748 1597 872 1630 Pertusia
893 1598 992 1630 donata
1005 1597 1068 1628 huic
1083 1596 1244 1628 monasterio
1257 1605 1273 1627 a
1315 1616 1356 1621 —
1377 1597 1409 1628 S.
1435 1597 1537 1628 Nicolai
1559 1597 1594 1628 de
1616 1597 1719 1629 Colina.

330 1650 449 1682 lloberto
469 1651 576 1682 domino
598 1649 718 1688 Caeiani,
741 1653 769 1681 et
789 1650 848 1680 eius
869 1657 956 1680 uxore
972 1648 1090 1679 Adelitza
1104 1652 1132 1679 et
1145 1647 1197 1679 lilio
1219 1646 1272 1677 Ro·
1399 1647 1465 1679 Eius
1488 1647 1645 1690 Praepositi:
1668 1646 1782 1679 Cosmas
1806 1648 1876 1686 148,
1900 1648 2003 1680 Paulus
2024 1648 2094 1679 310.

336 1701 404 1733 'erio
428 1701 498 1733 118.
515 1700 605 1732 Altera
624 1700 731 1733 donatio
752 1700 873 1731 eiusdem
887 1699 1017 1730 ecelesiae
1027 1703 1054 1730 et
1069 1702 1202 1731 honorum
1217 1698 1273 1729 Ab·
1398 1699 1569 1730 Donationes:
1594 1698 1690 1730 Leonis
1711 1699 1888 1731 lllauroleonis
1908 1704 1935 1731 et
1957 1701 2144 1732 nonnullorum
2166 1701 2199 1732 de
2212 1700 2302 1732 Comi-

329 1754 401 1785 batis
420 1753 519 1786 Curtaei
539 1754 610 1785 tacta
630 1761 647 1784 a
668 1752 784 1795 Rogerio
806 1752 912 1784 domino
932 1750 1042 1783 Caciani
1066 1752 1166 1783 eteius
1188 1756 1273 1783 matre
1357 1751 1459 1783 toleone
1484 1751 1553 1789 118,
1577 1751 1677 1782 Mariae
1703 1751 1737 1783 ile
1760 1751 1907 1794 Phongiola
1934 1752 2004 1790 151,
2020 1752 2156 1785 Michaelis
2176 1757 2203 1784 et
2224 1753 2302 1785 loan-

330 1806 449 1837 Adelitza
473 1804 542 1837 131.
1356 1803 1398 1835 nis
1418 1802 1551 1834 Totuboni
1572 1802 1645 1834 316.

373 1858 527 1899 Emptiones
547 1856 714 1899 praediorum
739 1855 809 1894 169,
833 1855 906 1893 273,
930 1856 1002 1887 275.
1316 1875 1358 1879 -
1378 1855 1409 1886 S.
1434 1855 1537 1887 Nic-olai
1558 1855 1591 1886 de
1614 1854 1719 1886 Drionis
1741 1855 1813 1887 296.

375 1907 592 1939 Permutationes
612 1906 685 1945 213,
709 1906 783 1945 271,
808 1907 879 1938 512.
1316 1925 1357 1931 -
1377 1905 1409 1938 S.
1432 1905 1534 1937 Nicolai
1556 1905 1620 1937 Milli
1641 1905 1715 1939 167.

375 1959 474 1992 Mentio
495 1959 615 1991 eiusdem
637 1957 711 1989 252.
1316 1977 1357 1983 -
1378 1958 1410 1991 S.
1435 1958 1538 1990 Nicolai
1559 1957 1704 2000 Monopolis
1726 1958 1777 1990 53.
1800 1958 1835 1990 V.
1859 1957 2000 2000 Catapani,
2024 1959 2157 2001 Argyrus.

293 2027 334 2039 .-
353 2009 385 2040 S.
410 2009 510 2040 Mariae
530 2009 563 2040 de
585 2008 768 2040 Plumbariola
789 2008 926 2041 subditum
940 2008 1079 2041 Casinensi
1099 2009 1227 2041 coenobio
1241 2009 1271 2039 2.
1317 2029 1358 2034 --
1378 2009 1410 2042 S.
1433 2010 1535 2041 Nicolai
1557 2010 1590 2041 de
1612 2010 1728 2041 Nemore
1750 2010 1777 2041 in
1798 2018 1864 2051 agro
1885 2009 1951 2051 Styli
1973 2010 2045 2049 286,
2070 2011 2141 2043 556.

294 2078 336 2083 —-
356 2058 389 2091 S.
413 2059 512 2090 Mariae
533 2058 564 2089 de
587 2058 742 2098 Polychorio
764 2059 834 2090 125.
859 2059 891 2090 V.
916 2060 1030 2090 Monast.
1054 2058 1086 2091 S.
1111 2059 1253 2090 Anastasii.
1316 2079 1358 2084 —
1379 2060 1410 2092 S.
1433 2060 1536 2092 Nicolai
1558 2060 1591 2091 de
1612 2059 1703 2092 Nuda.
1720 2078 1749 2084 -—
1764 2060 1874 2092 Donatio
1895 2062 1962 2092 sacta
1987 2062 2127 2093 Anastasio
2149 2062 2303 2105 Praeposito

294 2127 335 2134 -
355 2108 388 2141 S.
410 2109 510 2141 Mariae
530 2107 825 2149 Scyllaoensis.—Eius
846 2109 1017 2150 Praepositus
1039 2109 1133 2141 Gratia
1154 2109 1227 2141 106.
1240 2108 1273 2139 V.
1359 2110 1479 2141 eiusdem
1493 2119 1509 2140 a
1527 2109 1624 2141 Ioanne
1633 2109 1666 2141 de
1682 2109 1773 2142 Cizota
1794 2110 1865 2142 268.
1879 2129 1920 2134 -
1942 2110 2074 2153 Legatum
2095 2113 2215 2146 Gcrvasii
2231 2113 2301 2145 Cha-

336 2161 451 2193 Monast.
475 2160 507 2192 S.
531 2161 653 2202 Gregorii
673 2159 882 2203 Thaumaturgi.
1359 2159 1432 2191 bitae
1453 2159 1524 2190 306.

294 2229 336 2241 1.-
357 2210 389 2243 S.
413 2211 513 2242 Mariae
534 2210 657 2252 Scyllaeii
678 2211 787 2249 veteris,
798 2211 849 2241 τοῦ
860 2212 988 2242 παλαιοῦ
1002 2209 1185 2250 Σκύλλακος,
1201 2212 1273 2244 409.
1318 2229 1360 2234 -
1380 2210 1412 2242 S.
1437 2210 1537 2241 Nicolni
1559 2210 1593 2241 de
1616 2209 1747 2241 Peratico.

295 2279 336 2286 --
356 2262 387 2293 S.
411 2262 512 2294 Mariae
533 2263 567 2294 de
589 2262 687 2294 Turre.
711 2262 746 2294 V.
770 2262 881 2294 tionast.
905 2261 937 2292 S.
961 2261 1089 2303 Stephani
1104 2264 1137 2294 de
1149 2263 1274 2294 Nemore.
1402 2262 1468 2293 Eius
1490 2262 1648 2303 Praepositi:
1673 2261 1834 2294 Nicodemns
1856 2263 1928 2302 114,
1951 2263 2056 2306 Niphus
2079 2265 2151 2302 305,
2175 2267 2247 2298 311.

295 2332 337 2338 —
358 2314 390 2346 S.
413 2314 500 2346 Mauri
522 2314 548 2345 in
569 2315 674 2345 civitate
695 2312 840 2355 Callipolis.
1403 2315 1576 2348 Donationcs:
1603 2314 1712 2346 Lenitae
1734 2315 1767 2346 de
1790 2314 1897 2357 Fagone
1920 2315 1979 2347 106
1993 2340 2000 2354 ,
2025 2316 2149 2349 Gulielmi
2171 2318 2205 2350 de
2219 2319 2305 2350 Monte

380 2364 446 2396 Eius
468 2364 797 2407 Praepositiznsserasimus
811 2365 848 2396 51
858 2365 884 2402 t,
898 2364 1012 2396 lacobus
1027 2364 1099 2402 523,
1116 2364 1188 2403 521,
1205 2365 1276 2404 520,
1364 2365 1435 2402 110,
1458 2364 1580 2396 Riecardi
1602 2365 1636 2395 ‹le
1657 2363 1828 2396 claromonte
1853 2365 1931 2404 144,
1956 2366 2063 2398 Ioannis
2094 2367 2127 2399 de
2156 2368 2305 2401 Brundusio

339 2416 499 2447 Nicodemus
520 2416 593 2454 528,
615 2415 735 2448 Theotus
756 2415 828 2447 529.
1361 2414 1508 2446 Camerarii
1533 2414 1680 2456 Pon-chorii
1700 2423 1736 2446 ex
1758 2415 1884 2446 mandato
1905 2415 2044 2458 Margariti
2065 2417 2175 2450 Comitis
2197 2419 2268 2449 319.

379 2468 483 2499 Census
503 2476 608 2498 annuus
628 2471 688 2498 octo
709 2466 923 2509 solidorumpro
938 2467 1111 2500 lucernarum
1123 2470 1279 2501 accensione
1406 2466 1559 2508 Emptiones
1579 2466 1750 2508 praediorum
1772 2466 1846 2505 301,
1869 2466 1938 2499 311.

339 2518 445 2549 debitus
467 2527 482 2548 a
503 2517 601 2548 Blanco
621 2516 736 2549 Lanuito
755 2521 783 2548 et
803 2517 861 2549 eius
883 2527 969 2549 uxore
989 2519 1061 2550 530.
1405 2518 1503 2549 illentio
1525 2519 1610 2560 ipsius
1634 2518 1704 2549 123.

383 2571 543 2602 Donationes
564 2569 651 2600 eidem
673 2569 757 2600 tactae
777 2578 796 2600 a
815 2568 957 2602 Salomone
977 2570 1084 2603 domino
1105 2575 1192 2602 terrae
1212 2571 1280 2603 Ara—
1321 2585 1364 2591 —
1384 2566 1438 2599 SS.
1462 2567 1566 2599 Nicolai
1587 2571 1614 2599 et
1635 2568 1747 2610 Philippi
1770 2569 1795 2600 in
1815 2569 1920 2601 civitate
1941 2569 2050 2602 Tarenti
2072 2570 2122 2603 23.

339 2621 399 2652 daei
421 2622 530 2661 eiusque
552 2619 611 2651 filiis
632 2619 705 2658 511,
720 2619 757 2651 ab
772 2619 906 2651 llilarione
919 2624 947 2651 et
959 2620 1062 2662 Angolo
1076 2621 1150 2652 Nieri
1164 2621 1197 2652 de
1212 2621 1281 2652 Ero-
1321 2635 1364 2641 --
1384 2617 1415 2649 S.
1434 2618 1563 2660 Onuphrii
1578 2619 1604 2649 in
1624 2627 1691 2660 agro
1713 2619 1807 2651 Nohae
1827 2620 1928 2651 dictum
1942 2620 1975 2652 de
1996 2621 2161 2662 Camposirto
2177 2621 2305 2654 donatum

340 2673 391 2705 lieo
413 2672 485 2710 515,
509 2676 536 2702 et
556 2672 668 2713 praelat.
692 2681 720 2713 p.
743 2670 863 2710 xxvii,
887 2681 904 2702 a
925 2671 1052 2704 blonaeho
1074 2673 1208 2704 loannicio
1230 2673 1280 2703 At·-
1363 2671 1394 2702 S.
1413 2670 1512 2702 Mariae
1537 2671 1570 2703 de
1592 2671 1696 2703 zosimo
1717 2672 1752 2703 ab
1777 2672 1930 2704 Alexandro
1951 2676 1978 2704 et
2003 2671 2134 2704 Riccardo
2154 2673 2188 2705 de
2209 2673 2305 2705 Claro-

340 2722 471 2763 changeio
493 2721 565 2760 516,
589 2730 606 2752 a
628 2721 712 2752 Maria
732 2721 786 2753 tilia
801 2721 909 2753 lordani
933 2723 1045 2765 eiusque
1058 2727 1143 2754 matre
1158 2722 1281 2755 Rametta
1364 2727 1452 2755 monte
1469 2724 1508 2754 75
1522 2723 1680 2755 -Donatio
1701 2723 1785 2755 eidem
1812 2725 1882 2756 sacta
1903 2733 1919 2755 a
1943 2724 2042 2756 loanue
2062 2723 2116 2756 lilio
2143 2724 2304 2757 Burnincelli

340 2778 369 2807 et
389 2775 448 2806 aliis
469 2773 540 2811 523,
564 2773 603 2805 52
611 2774 635 2811 t,
660 2773 734 2811 525,
757 2782 775 2805 a
796 2773 897 2805 Donata
918 2773 972 2805 iilia
985 2775 1101 2806 defuncti
1113 2774 1214 2806 Nicolai
1229 2775 1280 2806 Ca·
1364 2779 1392 2807 et
1415 2775 1474 2806 eius
1495 2783 1581 2806 uxore
1602 2773 1709 2815 Cynetla
1730 2774 1804 2808 256.

341 2827 393 2858 teci
415 2825 487 2864 526,
505 2834 520 2857 a
534 2826 649 2867 quodam
669 2826 747 2857 euius
767 2833 864 2857 nomen
885 2827 912 2858 in
933 2825 1090 2858 membrana
1104 2827 1221 2859 deletum
1241 2832 1283 2860 est
1324 2843 1366 2850 —
1386 2825 1417 2857 S.
1443 2826 1606 2858 Parasceves
1626 2836 1643 2857 a
1658 2826 1766 2859 Leontio
1780 2827 1903 2869 episcopo
1916 2826 2042 2859 Locrensi
2055 2830 2237 2861 restauratum
2253 2830 2305 2860 91.

342 2877 416 2917 528,
437 2886 454 2909 a
468 2876 598 2910 inomao
617 2877 738 2909 mamito
761 2877 831 2909 541.
1325 2896 1366 2902 —
1388 2878 1419 2909 s.
1446 2878 1519 2910 Petri
1541 2879 1572 2910 o.
1599 2878 1631 2909 v.
1655 2870 1796 2920 Catapani,
1820 2878 1969 2920 Gregorius
1989 2878 2193 2912 Trachaniotes.

382 2928 496 2965 Quidam
517 2927 630 2970 Sergius
650 2928 796 2960 damnatur
815 2927 921 2959 solvere
941 2928 1029 2960 eidem
1049 2930 1210 2960 monasterio
1224 2938 1283 2961 cer·
1325 2948 1366 2953 —-
1388 2930 1419 2962 S.
1445 2930 1517 2961 Petri
1540 2930 1657 2972 Apostoli
1673 2931 1706 2962 de
1721 2930 1888 2971 Barychalla,
1905 2930 1945 2963 vel
1966 2931 2092 2973 Bragalla
2106 2932 2309 2975 suffraganeum

341 2983 398 3011 tani
419 2978 545 3021 putatitiae
565 2979 741 3021 quantitatem
762 2977 834 3010 529.
952 3026 955 3029 1
1367 2980 1560 3013 SS.Trinitatis
1568 2981 1996 3014 Carensiis—Donationeslaetae
2010 2981 2079 3014 Maio
2093 2982 2214 3015 eiusdem
2226 2983 2311 3015 Prac-

304 3047 348 3055 --
368 3028 400 3060 S.
424 3029 534 3061 anae
554 3029 682 3061 donatum
704 3028 866 3061 monasterio
887 3028 1002 3061 caven-i
1021 3028 1075 3060 SS.
1091 3029 1229 3064 Trinitatis
1249 3030 1284 3063 ab
1371 3032 1459 3072 posito
1481 3039 1497 3061 a
1522 3030 1643 3072 Philippo
1665 3031 1844 3063 Grandemani
1868 3031 1921 3070 99,
1937 3036 1964 3063 et
1979 3031 2099 3073 Philippo
2120 3032 2272 3065 caballario
2288 3044 2318 3064 ac.
