2652 3762
0 3284 4 3313 Ι

0 3373 7 3481 ξ

2164 375 2226 404 xxi

297 450 532 501 praefuerat,
562 449 665 500 quod
695 457 908 498 cognomen
938 445 1106 495 Gangius
1126 454 1330 496 perperam
1359 443 1494 484 babuit
1512 453 1582 494 pro
1602 444 1755 484 nomine
1774 446 1935 487 alterius
1957 446 2141 498 Strategi,
2164 457 2278 497 quem

295 512 349 551 uti
376 520 669 561 praecessorem
698 506 975 557 'theophylacti
1002 507 1212 555 recensuit,
1241 505 1467 554 vocavitque
1502 505 1719 545 Tradezim
1746 515 1816 554 pro
1845 507 2022 556 'Prapch

397 571 454 611 Ex
479 572 608 611 allatis
635 573 740 620 patet
766 578 867 607 anuo
895 567 995 618 885,
1024 577 1102 617 quo
1128 567 1287 606 indictio
1317 566 1363 606 111
1397 568 1698 617 numerabatur,
1737 567 1884 605 nullum
1911 578 1932 605 a
1962 569 2278 620 Chronographis

293 630 514 682 strategum
540 630 704 680 Apuliae
731 628 935 672 nominari.
966 627 1106 668 Nostra
1133 636 1225 666 vero
1252 628 1491 677 membrana,
1522 637 1608 667 cum
1637 638 1761 677 neque
1780 628 1830 666 ad
1849 637 1985 676 atilios,
2016 630 2080 676 qni
2105 632 2276 679 praeive-

289 697 394 743 runt,
423 700 549 740 neque
576 689 626 729 ad
653 689 920 740 insequentes,
949 690 989 728 iu
1016 689 1157 738 quibus
1176 687 1242 727 alii
1261 687 1432 737 Strategi
1460 689 1622 737 Apuliae
1651 688 1914 739 praefuerunt,
1945 689 2069 737 possit
2093 692 2276 731 riutanda-

289 755 339 806 ri,
368 747 470 804 quid
487 755 604 803 vetat,
626 755 669 791 ut
686 762 787 792 anno
815 752 891 791 885
919 753 1112 792 conditam
1142 761 1230 791 esse
1257 754 1503 791 statuamus?
1531 751 1694 792 Nullane
1712 757 1825 803 pacto
1854 753 1936 792 lieri
1966 753 2105 802 potuit,
2125 758 2168 792 ut
2189 759 2277 803 post

290 818 509 856 chasanum
537 815 729 864 Gregorio
747 815 800 855 sit
816 816 956 855 iterum
977 814 1146 863 Strategi
1166 824 1304 853 munus
1323 813 1520 852 delatum?
1540 813 1580 851 Si
1602 814 1663 853 eui
1676 824 1801 864 ⁴>porro
1821 816 1995 854 videatur
2014 815 2107 854 tanti
2129 815 2275 855 haben-

287 879 378 918 dum
403 887 493 918 esse
521 877 916 928 chronographorum
943 879 992 918 de
1020 877 1210 927 Gregorio
1239 880 1327 926 post
1355 886 1495 915 annum
1515 875 1590 914 880
1610 876 1820 926 silentium,
1842 881 1883 916 ut
1909 878 1993 917 eius
2014 877 2183 928 Strategi
2213 889 2273 918 re-

286 941 611 990 dintegrationem
639 943 847 992 excludat,
883 942 979 981 nihil
1012 945 1142 980 tamen
1170 941 1330 990 obstat,
1367 939 1459 989 quin
1494 939 1596 977 idem
1634 938 1845 987 Gregorius
1882 943 2062 988 tanquam
2097 942 2270 991 privatus

283 1011 386 1041 anno
413 1001 489 1042 885
517 1003 636 1043 Traui
663 1003 811 1053 degens
837 1004 1099 1042 membranam
1127 1001 1375 1051 condiderit,
1419 1001 1533 1050 eique
1561 1011 1674 1040 suum
1710 1010 1848 1039 nomen
1877 1001 2154 1050 subscripserit
2192 1014 2269 1043 non

284 1066 378 1105 sine⁴
396 1067 534 1118 titulis,
566 1068 708 1117 quibus
735 1067 895 1108 lionoris
923 1077 1040 1106 eausa
1068 1067 1240 1116 privatus
1267 1066 1393 1105 adbuc
1421 1066 1676 1105 salutabatur.
1716 1064 1795 1104 Nec
1823 1074 1940 1114 porro
1968 1066 2073 1104 subit
2099 1067 2269 1106 animum

282 1127 476 1177 suspicari
507 1132 677 1168 erratum
704 1128 826 1167 fuisse
853 1128 980 1176 quoad
1009 1127 1272 1176 indictionem,
1294 1131 1333 1165 et
1352 1136 1422 1176 pro
1450 1127 1565 1166 tertia
1591 1126 1710 1166 scribi
1738 1125 1959 1175 oportuisse
1983 1126 2174 1166 decimam
2193 1131 2269 1166 ter-

281 1192 391 1242 tiam,
421 1202 521 1241 quae
549 1192 597 1231 ad
625 1201 764 1231 annum
784 1190 861 1229 889
889 1190 1084 1239 pertinuit.
1117 1189 1211 1228 Nam
1238 1190 1411 1238 quamvis
1439 1199 1561 1228 annus
1589 1192 1670 1228 tum
1697 1192 1931 1238 congrueret
1957 1198 2044 1228 eum
2072 1189 2269 1229 mentione

280 1252 382 1292 facta
409 1263 433 1292 a
452 1252 765 1302 Chronograpbis
788 1251 835 1291 dc
855 1252 1042 1299 Gregorio
1070 1252 1196 1291 adhuc
1224 1251 1325 1301 apud
1354 1252 1527 1301 Appulos
1554 1251 1818 1301 imperitante,¹
1843 1250 1963 1290 videri
1984 1254 2109 1290 tamea
2140 1255 2272 1300 posset:

281 1322 353 1352 nos
379 1312 525 1352 iecisse,
549 1316 724 1363 temere,
753 1313 857 1361 quod
885 1313 991 1352 nullo
1018 1312 1116 1352 satis
1153 1315 1261 1352 certo
1297 1315 1527 1361 argumento
1559 1312 1822 1351 membranam
1860 1311 2006 1350 erroris
2044 1312 2269 1357 insimulare

280 1373 364 1413 ausi
393 1373 615 1413 fuissemus.
1929 1412 1932 1414 .

382 1434 623 1475 Membrana
650 1434 700 1474 11.
717 1436 948 1485 —Annum,
978 1435 1043 1484 qui
1071 1436 1109 1474 in
1138 1436 1245 1474 ealce
1272 1435 1386 1475 buius
1413 1435 1660 1474 membranae
1687 1434 1846 1484 legitur,
1875 1435 1913 1474 in
1935 1433 2076 1474 'errore
2108 1435 2268 1482 cubare,

278 1495 366 1534 iude
394 1495 598 1535 manifesto
626 1496 790 1546 eruitur,
821 1496 924 1544 quod
952 1506 999 1534 ex
1025 1506 1117 1534 acra
1146 1495 1567 1545 constantinopolitana
1585 1523 1596 1545 ,
1627 1505 1726 1544 quae
1753 1496 1790 1534 in
1810 1496 1872 1535 his
1900 1495 2127 1545 regionibus
2156 1495 2269 1533 unice

279 1559 458 1608 obtinuit,
488 1569 610 1598 atinus
638 1559 740 1598 6459
766 1558 917 1610 (mense
944 1559 1156 1609 februario,
1185 1559 1394 1599 indictione
1415 1558 1478 1608 ΙΧ)
1498 1568 1597 1598 anno
1619 1569 1737 1597 aerae
1765 1559 1998 1598 christianae
2017 1558 2088 1596 951
2113 1566 2270 1606 respon-

277 1621 418 1669 deret,
449 1621 514 1669 qui
543 1620 698 1659 minime
725 1620 911 1670 competit
937 1631 1037 1660 anuo
1065 1621 1217 1670 imperii
1248 1621 1387 1660 Leonis
1415 1621 1461 1658 Vl
1487 1621 1710 1669 Philosophi
1739 1620 1960 1670 nuncupati.
1993 1618 2062 1658 llic
2090 1619 2192 1659 enim
2218 1621 2268 1658 ab

275 1689 375 1719 ιιιιιιο
404 1679 479 1718 8Ἰο
507 1680 556 1718 ad
585 1690 725 1719 annum
753 1679 828 1719 886
858 1682 1022 1730 primum
1051 1691 1138 1720 cum
1166 1685 1276 1730 patre
1304 1681 1462 1730 Basilio,
1493 1681 1677 1730 deinceps
1704 1682 1822 1720 etiam
1842 1690 1929 1720 cum
1956 1680 2077 1720 i'ratre
2104 1681 2268 1719 Alexan-

276 1741 347 1779 dro
375 1740 562 1790 regnarit,
593 1752 680 1780 cum
710 1741 830 1781 fratrc
858 1751 950 1781 vero
977 1745 1124 1781 tantum
1152 1743 1202 1780 ad
1230 1752 1369 1780 annum
1399 1752 1521 1792 usque
1549 1741 1640 1791 911,
1661 1752 1748 1781 cnm
1768 1752 1902 1781 eorum
1924 1745 2041 1790 ,pater
2068 1741 2265 1780 antedicto

275 1810 374 1840 anno
401 1800 477 1840 886
506 1802 661 1841 obierit.
694 1801 832 1840 Habita
860 1802 980 1851 igitur
1007 1802 1158 1841 ratione
1187 1806 1265 1840 tum
1293 1803 1531 1853 indictionis,
1559 1806 1640 1841 tum
1669 1802 1834 1841 nominis
1864 1801 2135 1851 imperatoris,
2166 1802 2266 1839 hauc

275 1866 535 1905 membranam
564 1866 867 1915 consignandam
894 1866 1073 1905 duximus
1100 1877 1200 1905 anno
1227 1876 1371 1915 graeco
1399 1866 1499 1905 6399
1519 1895 1530 1916 ,
1560 1867 1626 1917 qui
1649 1877 1753 1907 anno
1781 1874 1897 1906 aerae
1925 1866 2158 1911 christianae
2186 1864 2261 1903 891

275 1927 490 1976 respondit,
520 1936 597 1975 quo
625 1937 750 1966 annus
777 1925 856 1964 XXl
887 1926 1038 1975 imperii
1069 1925 1208 1965 Leonis
1237 1926 1282 1964 Vl
1312 1927 1558 1965 decurrebat.

375 1986 615 2027 Membrana
644 1986 1041 2036 [IL-Symbaticius
1061 1987 1284 2026 Praefectus
1304 1987 1374 2026 t'uit
1399 1987 1596 2026 Thcmatis
1625 1987 1934 2035 Langobardiae.
1966 1986 2002 2025 ls
2021 1997 2043 2024 a
2064 1985 2192 2024 Leone
2212 1985 2261 2023 Vt

276 2047 314 2085 in
343 2048 414 2087 has
441 2052 595 2088 nostras
622 2048 894 2087 meridionales
922 2047 1139 2095 provincias
1166 2048 1203 2084 in
1224 2048 1262 2084 id
1282 2048 1423 2086 missus
1447 2048 1532 2096 iuit,
1555 2051 1595 2085 ut
1614 2047 1872 2085 Beneventum
1894 2046 2162 2097 Langobardis
2190 2047 2263 2084 eri-

273 2111 398 2157 peret,
428 2118 615 2157 suamque
642 2110 715 2147 sub
743 2111 975 2157 potestatem
1003 2109 1214 2157 redigeret.
1246 2108 1293 2146 Et
1312 2118 1353 2146 re
1373 2109 1529 2156 quidem
1554 2118 1642 2147 vcra
1663 2108 1935 2157 Symbaticius,
1957 2111 1998 2145 ut
2021 2108 2263 2156 chronogra-

271 2168 338 2217 phi
366 2168 487 2207 nostri
517 2172 720 2219 testantur,
750 2168 813 2207 die
837 2171 908 2207 xut'
932 2168 1014 2207 iulii
1042 2179 1142 2208 auno
1170 2168 1241 2206 89l
1278 2168 1532 2208 Beneventum
1568 2169 1770 2209 obsidione
1798 2170 1936 2218 cinxit,
1972 2173 2010 2208 et
2042 2169 2262 2216 insequenti

269 2238 369 2269 anno
397 2228 472 2269 892
500 2239 548 2270 eo
576 2231 721 2280 potitus
748 2233 839 2280 est,
870 2230 1041 2278 inibique
1070 2231 1241 2269 substitit
1267 2231 1393 2270 tribus
1421 2231 1531 2270 anuis
1552 2260 1563 2280 ,
1601 2232 1725 2270 donec
1760 2232 1882 2270 Guido
1919 2231 2066 2280 Spoleti
2102 2231 2184 2269 Dux
2222 2235 2262 2269 et

270 2289 442 2329 Marcltio
470 2300 544 2340 ope
573 2290 781 2331 Guaimarii
811 2290 823 2330 l
854 2290 1006 2330 Salerni
1035 2290 1225 2341 Principis
1253 2291 1423 2331 Graecos
1452 2286 1669 2331 Benevento
1698 2292 1826 2331 eiecit.
1864 2292 1996 2341 ltaque
2024 2302 2109 2331 cum
2145 2291 2262 2330 ratio-

268 2360 357 2389 nem
384 2350 636 2390 habuerimus
655 2351 796 2390 nedum
815 2351 1038 2391 indictionis
1057 2350 1104 2401 X,
1124 2362 1200 2400 qua
1220 2352 1317 2392 haec
1337 2352 1560 2391 membrana
1587 2352 1778 2402 signatur,
1808 2362 1939 2392 verum
1967 2353 2082 2392 etiam
2110 2357 2255 2401 tempo-

269 2413 339 2464 ris,
361 2424 439 2462 quo
459 2413 716 2464 Symbaticius
735 2413 940 2464 Beneventi
961 2418 1224 2455 commoratus
1243 2418 1319 2464 est,
1339 2415 1465 2453 eidem
1486 2415 1734 2454 membranae
1749 2424 1888 2454 annum
1903 2414 1979 2453 892
1995 2415 2253 2464 appinximus.

372 2474 614 2515 Membrana
640 2474 705 2515 IV.
734 2494 788 2505 —
812 2475 944 2514 Annus
972 2475 1054 2514 Xlll
1083 2476 1234 2525 imperii
1265 2476 1404 2515 Leonis
1432 2475 1594 2523 eiusque
1622 2475 1752 2515 fratris
1775 2475 1982 2514 Alexandri
2009 2486 2108 2514 auno
2137 2487 2253 2514 acrae

268 2537 502 2578 christianae
536 2537 612 2576 899
641 2538 866 2587 respondet.
897 2538 990 2577 Cum
1018 2539 1119 2578 enim
1149 2538 1314 2578 Basilius
1343 2549 1476 2578 corum
1498 2542 1621 2588 pater,
1643 2539 1797 2588 quicum
1827 2543 1938 2578 antea
1968 2539 2253 2588 imperitarunt,

265 2611 368 2640 auno
395 2602 471 2641 886
499 2612 521 2641 e
550 2602 625 2642 vita
652 2602 890 2652 migrasset,
920 2603 993 2642 soti
1021 2602 1208 2643 insecutis
1235 2603 1345 2642 anuis
1373 2603 1525 2651 imperii
1554 2603 1829 2652 gubernaculis
1857 2603 2120 2650 adsederant,
2157 2602 2256 2640 adeo

265 2668 307 2703 ut
333 2665 528 2705 antedicto
547 2674 648 2704 anno
666 2665 758 2715 899,
776 2665 886 2704 cuius
907 2675 1039 2705 mense
1067 2665 1168 2704 maio
1189 2665 1397 2705 indictione
1418 2665 1464 2714 11,
1486 2675 1586 2712 quae
1604 2675 1625 2703 a
1647 2664 1859 2713 septembri
1877 2664 2146 2713 praecedentis
2167 2664 2256 2701 annui

263 2725 475 2774 inceperat,
498 2725 717 2774 conscripta
737 2725 808 2764 l'uit
827 2735 1013 2775 praesens
1034 2726 1272 2775 membrana,
1290 2735 1412 2764 annus
1428 2725 1509 2764 Xttl
1526 2725 1698 2774 ipsorum
1719 2725 1990 2764 dominationis
2010 2726 2250 2763 decurreret.

366 2785 605 2825 Membrana
641 2784 676 2825 V.
693 2785 853 2824 -Cum
882 2787 979 2824 hacc
1006 2786 1230 2824 membrana
1260 2795 1359 2825 anuo
1386 2785 1482 2824 XXV
1510 2786 1632 2835 impp.
1655 2786 1795 2825 Leonis
1823 2786 1984 2834 eiusque
2010 2785 2141 2823 fratris
2170 2785 2255 2822 Ale-

263 2845 413 2895 xandri,
440 2855 486 2885 ac
514 2846 724 2886 indictione
753 2846 835 2885 XlV
863 2846 1061 2895 signetur,
1093 2847 1181 2886 inde
1209 2847 1335 2896 palam
1356 2846 1398 2885 nt
1416 2857 1572 2896 annum,
1602 2857 1680 2895 quo
1707 2847 1778 2885 suit
1806 2851 1976 2895 exarata,
2013 2846 2133 2884 l'uisse
2161 2846 2252 2884 9lt.

262 2905 355 2945 Nam
375 2907 407 2947 si
429 2917 528 2947 anno
557 2907 632 2947 866
661 2919 748 2948 cum
768 2908 883 2948 iidem
912 2910 1074 2958 Augusti
1095 2910 1208 2948 solia
1231 2910 1352 2959 patris
1380 2909 1512 2949 Basilii
1541 2911 1649 2949 obitu
1678 2910 1900 2959 imperitare
1930 2913 2155 2958 coeperunt,
2187 2909 2252 2946 ad-

260 2968 398 3007 dantur
425 2970 512 3009 anni
542 2969 652 3021 XXV,
681 2980 803 3011 annus
831 2970 993 3011 efficitur
1014 2971 1104 3021 911,
1126 2971 1164 3009 in
1184 2980 1262 3019 quo
1282 2970 1364 3009 xtv
1393 2971 1553 3012 indictio
1574 2972 1820 3021 decurrebat,
1847 2971 1990 3020 quique
2010 2970 2173 3020 tempori
2196 2981 2251 3007 re-
